%YAML 1.1
%TAG !u! tag:unity3d.com,2011:
--- !u!29 &1
OcclusionCullingSettings:
  m_ObjectHideFlags: 0
  serializedVersion: 2
  m_OcclusionBakeSettings:
    smallestOccluder: 5
    smallestHole: 0.25
    backfaceThreshold: 100
  m_SceneGUID: 00000000000000000000000000000000
  m_OcclusionCullingData: {fileID: 0}
--- !u!104 &2
RenderSettings:
  m_ObjectHideFlags: 0
  serializedVersion: 8
  m_Fog: 0
  m_FogColor: {r: 0.5, g: 0.5, b: 0.5, a: 1}
  m_FogMode: 3
  m_FogDensity: 0.01
  m_LinearFogStart: 0
  m_LinearFogEnd: 300
  m_AmbientSkyColor: {r: 0.212, g: 0.227, b: 0.259, a: 1}
  m_AmbientEquatorColor: {r: 0.114, g: 0.125, b: 0.133, a: 1}
  m_AmbientGroundColor: {r: 0.047, g: 0.043, b: 0.035, a: 1}
  m_AmbientIntensity: 1
  m_AmbientMode: 0
  m_SubtractiveShadowColor: {r: 0.42, g: 0.478, b: 0.627, a: 1}
  m_SkyboxMaterial: {fileID: 10304, guid: 0000000000000000f000000000000000, type: 0}
  m_HaloStrength: 0.5
  m_FlareStrength: 1
  m_FlareFadeSpeed: 3
  m_HaloTexture: {fileID: 0}
  m_SpotCookie: {fileID: 10001, guid: 0000000000000000e000000000000000, type: 0}
  m_DefaultReflectionMode: 0
  m_DefaultReflectionResolution: 128
  m_ReflectionBounces: 1
  m_ReflectionIntensity: 1
  m_CustomReflection: {fileID: 0}
  m_Sun: {fileID: 0}
  m_IndirectSpecularColor: {r: 0.43667555, g: 0.48427182, b: 0.5645241, a: 1}
--- !u!157 &3
LightmapSettings:
  m_ObjectHideFlags: 0
  serializedVersion: 11
  m_GIWorkflowMode: 0
  m_GISettings:
    serializedVersion: 2
    m_BounceScale: 1
    m_IndirectOutputScale: 1
    m_AlbedoBoost: 1
    m_TemporalCoherenceThreshold: 1
    m_EnvironmentLightingMode: 0
    m_EnableBakedLightmaps: 1
    m_EnableRealtimeLightmaps: 1
  m_LightmapEditorSettings:
    serializedVersion: 9
    m_Resolution: 2
    m_BakeResolution: 40
    m_TextureWidth: 1024
    m_TextureHeight: 1024
    m_AO: 0
    m_AOMaxDistance: 1
    m_CompAOExponent: 1
    m_CompAOExponentDirect: 0
    m_Padding: 2
    m_LightmapParameters: {fileID: 0}
    m_LightmapsBakeMode: 1
    m_TextureCompression: 1
    m_FinalGather: 0
    m_FinalGatherFiltering: 1
    m_FinalGatherRayCount: 256
    m_ReflectionCompression: 2
    m_MixedBakeMode: 2
    m_BakeBackend: 0
    m_PVRSampling: 1
    m_PVRDirectSampleCount: 32
    m_PVRSampleCount: 500
    m_PVRBounces: 2
    m_PVRFiltering: 0
    m_PVRFilteringMode: 1
    m_PVRCulling: 1
    m_PVRFilteringGaussRadiusDirect: 1
    m_PVRFilteringGaussRadiusIndirect: 5
    m_PVRFilteringGaussRadiusAO: 2
    m_PVRFilteringAtrousColorSigma: 1
    m_PVRFilteringAtrousNormalSigma: 1
    m_PVRFilteringAtrousPositionSigma: 1
  m_LightingDataAsset: {fileID: 0}
  m_UseShadowmask: 1
--- !u!196 &4
NavMeshSettings:
  serializedVersion: 2
  m_ObjectHideFlags: 0
  m_BuildSettings:
    serializedVersion: 2
    agentTypeID: 0
    agentRadius: 0.5
    agentHeight: 2
    agentSlope: 45
    agentClimb: 0.4
    ledgeDropHeight: 0
    maxJumpAcrossDistance: 0
    minRegionArea: 2
    manualCellSize: 0
    cellSize: 0.16666667
    manualTileSize: 0
    tileSize: 256
    accuratePlacement: 0
  m_NavMeshData: {fileID: 0}
--- !u!1001 &89276423
Prefab:
  m_ObjectHideFlags: 0
  serializedVersion: 2
  m_Modification:
    m_TransformParent: {fileID: 0}
    m_Modifications:
    - target: {fileID: 4592724261632336, guid: 7c1d6716ab1db944ea59750d869d23c2, type: 2}
      propertyPath: m_LocalPosition.x
      value: -345.1
      objectReference: {fileID: 0}
    - target: {fileID: 4592724261632336, guid: 7c1d6716ab1db944ea59750d869d23c2, type: 2}
      propertyPath: m_LocalPosition.y
      value: 0.5039997
      objectReference: {fileID: 0}
    - target: {fileID: 4592724261632336, guid: 7c1d6716ab1db944ea59750d869d23c2, type: 2}
      propertyPath: m_LocalPosition.z
      value: -18.177418
      objectReference: {fileID: 0}
    - target: {fileID: 4592724261632336, guid: 7c1d6716ab1db944ea59750d869d23c2, type: 2}
      propertyPath: m_LocalRotation.x
      value: 0
      objectReference: {fileID: 0}
    - target: {fileID: 4592724261632336, guid: 7c1d6716ab1db944ea59750d869d23c2, type: 2}
      propertyPath: m_LocalRotation.y
      value: -0.7071068
      objectReference: {fileID: 0}
    - target: {fileID: 4592724261632336, guid: 7c1d6716ab1db944ea59750d869d23c2, type: 2}
      propertyPath: m_LocalRotation.z
      value: 0.7071068
      objectReference: {fileID: 0}
    - target: {fileID: 4592724261632336, guid: 7c1d6716ab1db944ea59750d869d23c2, type: 2}
      propertyPath: m_LocalRotation.w
      value: 0
      objectReference: {fileID: 0}
    - target: {fileID: 4592724261632336, guid: 7c1d6716ab1db944ea59750d869d23c2, type: 2}
      propertyPath: m_RootOrder
      value: 2
      objectReference: {fileID: 0}
    - target: {fileID: 64530276324044510, guid: 7c1d6716ab1db944ea59750d869d23c2,
        type: 2}
      propertyPath: m_Convex
      value: 1
      objectReference: {fileID: 0}
    - target: {fileID: 64530276324044510, guid: 7c1d6716ab1db944ea59750d869d23c2,
        type: 2}
      propertyPath: m_Enabled
      value: 0
      objectReference: {fileID: 0}
    - target: {fileID: 65434878431592376, guid: 7c1d6716ab1db944ea59750d869d23c2,
        type: 2}
      propertyPath: m_Size.y
      value: 4.3480797
      objectReference: {fileID: 0}
    - target: {fileID: 65434878431592376, guid: 7c1d6716ab1db944ea59750d869d23c2,
        type: 2}
      propertyPath: m_Center.y
      value: 0.44803876
      objectReference: {fileID: 0}
    - target: {fileID: 65434878431592376, guid: 7c1d6716ab1db944ea59750d869d23c2,
        type: 2}
      propertyPath: m_Center.z
      value: -4.873197
      objectReference: {fileID: 0}
    - target: {fileID: 65434878431592376, guid: 7c1d6716ab1db944ea59750d869d23c2,
        type: 2}
      propertyPath: m_Size.x
      value: 17.13803
      objectReference: {fileID: 0}
    - target: {fileID: 65434878431592376, guid: 7c1d6716ab1db944ea59750d869d23c2,
        type: 2}
      propertyPath: m_Center.x
      value: -1.3319
      objectReference: {fileID: 0}
    m_RemovedComponents: []
  m_ParentPrefab: {fileID: 100100000, guid: 7c1d6716ab1db944ea59750d869d23c2, type: 2}
  m_IsPrefabParent: 0
--- !u!1001 &166371786
Prefab:
  m_ObjectHideFlags: 0
  serializedVersion: 2
  m_Modification:
    m_TransformParent: {fileID: 0}
    m_Modifications:
    - target: {fileID: 4658605810009892, guid: 6840d3330236a594989098906075e093, type: 2}
      propertyPath: m_LocalPosition.x
      value: -219.5
      objectReference: {fileID: 0}
    - target: {fileID: 4658605810009892, guid: 6840d3330236a594989098906075e093, type: 2}
      propertyPath: m_LocalPosition.y
      value: -5.226
      objectReference: {fileID: 0}
    - target: {fileID: 4658605810009892, guid: 6840d3330236a594989098906075e093, type: 2}
      propertyPath: m_LocalPosition.z
      value: -13.4
      objectReference: {fileID: 0}
    - target: {fileID: 4658605810009892, guid: 6840d3330236a594989098906075e093, type: 2}
      propertyPath: m_LocalRotation.x
      value: 0
      objectReference: {fileID: 0}
    - target: {fileID: 4658605810009892, guid: 6840d3330236a594989098906075e093, type: 2}
      propertyPath: m_LocalRotation.y
      value: 0
      objectReference: {fileID: 0}
    - target: {fileID: 4658605810009892, guid: 6840d3330236a594989098906075e093, type: 2}
      propertyPath: m_LocalRotation.z
      value: 0
      objectReference: {fileID: 0}
    - target: {fileID: 4658605810009892, guid: 6840d3330236a594989098906075e093, type: 2}
      propertyPath: m_LocalRotation.w
      value: 1
      objectReference: {fileID: 0}
    - target: {fileID: 4658605810009892, guid: 6840d3330236a594989098906075e093, type: 2}
      propertyPath: m_RootOrder
      value: 6
      objectReference: {fileID: 0}
    - target: {fileID: 23593190605739074, guid: 6840d3330236a594989098906075e093,
        type: 2}
      propertyPath: m_Materials.Array.data[0]
      value: 
      objectReference: {fileID: 2100000, guid: 4e470a46f096b6344b217bcb53dd6be2, type: 2}
    m_RemovedComponents: []
  m_ParentPrefab: {fileID: 100100000, guid: 6840d3330236a594989098906075e093, type: 2}
  m_IsPrefabParent: 0
--- !u!1 &225011366
GameObject:
  m_ObjectHideFlags: 0
  m_PrefabParentObject: {fileID: 0}
  m_PrefabInternal: {fileID: 0}
  serializedVersion: 5
  m_Component:
  - component: {fileID: 225011370}
  - component: {fileID: 225011369}
  - component: {fileID: 225011368}
  - component: {fileID: 225011367}
  - component: {fileID: 225011371}
  m_Layer: 0
  m_Name: Cube
  m_TagString: Untagged
  m_Icon: {fileID: 0}
  m_NavMeshLayer: 0
  m_StaticEditorFlags: 0
  m_IsActive: 1
--- !u!23 &225011367
MeshRenderer:
  m_ObjectHideFlags: 0
  m_PrefabParentObject: {fileID: 0}
  m_PrefabInternal: {fileID: 0}
  m_GameObject: {fileID: 225011366}
  m_Enabled: 1
  m_CastShadows: 1
  m_ReceiveShadows: 1
  m_MotionVectors: 1
  m_LightProbeUsage: 1
  m_ReflectionProbeUsage: 1
  m_Materials:
  - {fileID: 2100000, guid: 8fe432f251dedd94ca7e25382061a408, type: 2}
  m_StaticBatchInfo:
    firstSubMesh: 0
    subMeshCount: 0
  m_StaticBatchRoot: {fileID: 0}
  m_ProbeAnchor: {fileID: 0}
  m_LightProbeVolumeOverride: {fileID: 0}
  m_ScaleInLightmap: 1
  m_PreserveUVs: 1
  m_IgnoreNormalsForChartDetection: 0
  m_ImportantGI: 0
  m_SelectedEditorRenderState: 3
  m_MinimumChartSize: 4
  m_AutoUVMaxDistance: 0.5
  m_AutoUVMaxAngle: 89
  m_LightmapParameters: {fileID: 0}
  m_SortingLayerID: 0
  m_SortingLayer: 0
  m_SortingOrder: 0
--- !u!65 &225011368
BoxCollider:
  m_ObjectHideFlags: 0
  m_PrefabParentObject: {fileID: 0}
  m_PrefabInternal: {fileID: 0}
  m_GameObject: {fileID: 225011366}
  m_Material: {fileID: 0}
  m_IsTrigger: 0
  m_Enabled: 1
  serializedVersion: 2
  m_Size: {x: 1, y: 1, z: 1}
  m_Center: {x: 0, y: 0, z: 0}
--- !u!33 &225011369
MeshFilter:
  m_ObjectHideFlags: 0
  m_PrefabParentObject: {fileID: 0}
  m_PrefabInternal: {fileID: 0}
  m_GameObject: {fileID: 225011366}
  m_Mesh: {fileID: 10202, guid: 0000000000000000e000000000000000, type: 0}
--- !u!4 &225011370
Transform:
  m_ObjectHideFlags: 0
  m_PrefabParentObject: {fileID: 0}
  m_PrefabInternal: {fileID: 0}
  m_GameObject: {fileID: 225011366}
  m_LocalRotation: {x: 0, y: 0, z: 0, w: 1}
  m_LocalPosition: {x: -268.89, y: -10.006, z: -17.71}
  m_LocalScale: {x: 184.66899, y: 0.99999833, z: 14.426665}
  m_Children: []
  m_Father: {fileID: 0}
  m_RootOrder: 7
  m_LocalEulerAnglesHint: {x: 0, y: 0, z: 0}
--- !u!82 &225011371
AudioSource:
  m_ObjectHideFlags: 0
  m_PrefabParentObject: {fileID: 0}
  m_PrefabInternal: {fileID: 0}
  m_GameObject: {fileID: 225011366}
  m_Enabled: 1
  serializedVersion: 4
  OutputAudioMixerGroup: {fileID: 0}
  m_audioClip: {fileID: 8300000, guid: 860671462913280459bfbad81539af21, type: 3}
  m_PlayOnAwake: 1
  m_Volume: 1
  m_Pitch: 1
  Loop: 0
  Mute: 0
  Spatialize: 0
  SpatializePostEffects: 0
  Priority: 128
  DopplerLevel: 1
  MinDistance: 1
  MaxDistance: 500
  Pan2D: 0
  rolloffMode: 0
  BypassEffects: 0
  BypassListenerEffects: 0
  BypassReverbZones: 0
  rolloffCustomCurve:
    serializedVersion: 2
    m_Curve:
    - serializedVersion: 2
      time: 0
      value: 1
      inSlope: 0
      outSlope: 0
      tangentMode: 0
    - serializedVersion: 2
      time: 1
      value: 0
      inSlope: 0
      outSlope: 0
      tangentMode: 0
    m_PreInfinity: 2
    m_PostInfinity: 2
    m_RotationOrder: 4
  panLevelCustomCurve:
    serializedVersion: 2
    m_Curve:
    - serializedVersion: 2
      time: 0
      value: 0
      inSlope: 0
      outSlope: 0
      tangentMode: 0
    m_PreInfinity: 2
    m_PostInfinity: 2
    m_RotationOrder: 0
  spreadCustomCurve:
    serializedVersion: 2
    m_Curve:
    - serializedVersion: 2
      time: 0
      value: 0
      inSlope: 0
      outSlope: 0
      tangentMode: 0
    m_PreInfinity: 2
    m_PostInfinity: 2
    m_RotationOrder: 0
  reverbZoneMixCustomCurve:
    serializedVersion: 2
    m_Curve:
    - serializedVersion: 2
      time: 0
      value: 1
      inSlope: 0
      outSlope: 0
      tangentMode: 0
    m_PreInfinity: 2
    m_PostInfinity: 2
    m_RotationOrder: 0
--- !u!1 &293324950 stripped
GameObject:
  m_PrefabParentObject: {fileID: 1239693028599674, guid: 9f64536224ebb7d48baad0d1189488f7,
    type: 2}
  m_PrefabInternal: {fileID: 1766021718}
--- !u!1 &352039441
GameObject:
  m_ObjectHideFlags: 0
  m_PrefabParentObject: {fileID: 1110779646648398, guid: 4a8710774218d234584a9719c47c34af,
    type: 2}
  m_PrefabInternal: {fileID: 0}
  serializedVersion: 5
  m_Component:
  - component: {fileID: 352039442}
  - component: {fileID: 352039445}
  - component: {fileID: 352039444}
  - component: {fileID: 352039443}
  m_Layer: 0
  m_Name: Cube
  m_TagString: Untagged
  m_Icon: {fileID: 0}
  m_NavMeshLayer: 0
  m_StaticEditorFlags: 0
  m_IsActive: 1
--- !u!4 &352039442
Transform:
  m_ObjectHideFlags: 0
  m_PrefabParentObject: {fileID: 4039984893397286, guid: 4a8710774218d234584a9719c47c34af,
    type: 2}
  m_PrefabInternal: {fileID: 0}
  m_GameObject: {fileID: 352039441}
  m_LocalRotation: {x: 0, y: 0, z: 0, w: 1}
  m_LocalPosition: {x: 0, y: 0.3893, z: 0}
  m_LocalScale: {x: 1.0872904, y: 0.22147156, z: 1.0266241}
  m_Children:
  - {fileID: 1330697190}
  m_Father: {fileID: 1085336128}
  m_RootOrder: 0
  m_LocalEulerAnglesHint: {x: 0, y: 0, z: 0}
--- !u!23 &352039443
MeshRenderer:
  m_ObjectHideFlags: 0
  m_PrefabParentObject: {fileID: 23431746978647766, guid: 4a8710774218d234584a9719c47c34af,
    type: 2}
  m_PrefabInternal: {fileID: 0}
  m_GameObject: {fileID: 352039441}
  m_Enabled: 1
  m_CastShadows: 1
  m_ReceiveShadows: 1
  m_MotionVectors: 1
  m_LightProbeUsage: 1
  m_ReflectionProbeUsage: 1
  m_Materials:
  - {fileID: 2100000, guid: 4e470a46f096b6344b217bcb53dd6be2, type: 2}
  m_StaticBatchInfo:
    firstSubMesh: 0
    subMeshCount: 0
  m_StaticBatchRoot: {fileID: 0}
  m_ProbeAnchor: {fileID: 0}
  m_LightProbeVolumeOverride: {fileID: 0}
  m_ScaleInLightmap: 1
  m_PreserveUVs: 1
  m_IgnoreNormalsForChartDetection: 0
  m_ImportantGI: 0
  m_SelectedEditorRenderState: 3
  m_MinimumChartSize: 4
  m_AutoUVMaxDistance: 0.5
  m_AutoUVMaxAngle: 89
  m_LightmapParameters: {fileID: 0}
  m_SortingLayerID: 0
  m_SortingLayer: 0
  m_SortingOrder: 0
--- !u!65 &352039444
BoxCollider:
  m_ObjectHideFlags: 0
  m_PrefabParentObject: {fileID: 65673434442020350, guid: 4a8710774218d234584a9719c47c34af,
    type: 2}
  m_PrefabInternal: {fileID: 0}
  m_GameObject: {fileID: 352039441}
  m_Material: {fileID: 0}
  m_IsTrigger: 0
  m_Enabled: 1
  serializedVersion: 2
  m_Size: {x: 1, y: 1, z: 1}
  m_Center: {x: 0, y: 0, z: 0}
--- !u!33 &352039445
MeshFilter:
  m_ObjectHideFlags: 0
  m_PrefabParentObject: {fileID: 33459863459580446, guid: 4a8710774218d234584a9719c47c34af,
    type: 2}
  m_PrefabInternal: {fileID: 0}
  m_GameObject: {fileID: 352039441}
  m_Mesh: {fileID: 10202, guid: 0000000000000000e000000000000000, type: 0}
--- !u!1001 &371771651
Prefab:
  m_ObjectHideFlags: 0
  serializedVersion: 2
  m_Modification:
    m_TransformParent: {fileID: 0}
    m_Modifications:
    - target: {fileID: 4502250245203844, guid: 53dfce676a7aab246987e69afab68500, type: 2}
      propertyPath: m_LocalPosition.x
      value: -186.018
      objectReference: {fileID: 0}
    - target: {fileID: 4502250245203844, guid: 53dfce676a7aab246987e69afab68500, type: 2}
      propertyPath: m_LocalPosition.y
      value: 0.5039997
      objectReference: {fileID: 0}
    - target: {fileID: 4502250245203844, guid: 53dfce676a7aab246987e69afab68500, type: 2}
      propertyPath: m_LocalPosition.z
      value: -17.22733
      objectReference: {fileID: 0}
    - target: {fileID: 4502250245203844, guid: 53dfce676a7aab246987e69afab68500, type: 2}
      propertyPath: m_LocalRotation.x
      value: 0
      objectReference: {fileID: 0}
    - target: {fileID: 4502250245203844, guid: 53dfce676a7aab246987e69afab68500, type: 2}
      propertyPath: m_LocalRotation.y
      value: 0
      objectReference: {fileID: 0}
    - target: {fileID: 4502250245203844, guid: 53dfce676a7aab246987e69afab68500, type: 2}
      propertyPath: m_LocalRotation.z
      value: 0
      objectReference: {fileID: 0}
    - target: {fileID: 4502250245203844, guid: 53dfce676a7aab246987e69afab68500, type: 2}
      propertyPath: m_LocalRotation.w
      value: 1
      objectReference: {fileID: 0}
    - target: {fileID: 4502250245203844, guid: 53dfce676a7aab246987e69afab68500, type: 2}
      propertyPath: m_RootOrder
      value: 0
      objectReference: {fileID: 0}
    - target: {fileID: 1267362388411110, guid: 53dfce676a7aab246987e69afab68500, type: 2}
      propertyPath: m_Name
      value: FPSController 1 (1)
      objectReference: {fileID: 0}
    - target: {fileID: 114124516899316674, guid: 53dfce676a7aab246987e69afab68500,
        type: 2}
      propertyPath: txt
      value: 
      objectReference: {fileID: 293324950}
    - target: {fileID: 114124516899316674, guid: 53dfce676a7aab246987e69afab68500,
        type: 2}
      propertyPath: txt2
      value: 
      objectReference: {fileID: 712212873}
    m_RemovedComponents: []
  m_ParentPrefab: {fileID: 100100000, guid: 53dfce676a7aab246987e69afab68500, type: 2}
  m_IsPrefabParent: 0
--- !u!1 &410614554
GameObject:
  m_ObjectHideFlags: 0
  m_PrefabParentObject: {fileID: 0}
  m_PrefabInternal: {fileID: 0}
  serializedVersion: 5
  m_Component:
  - component: {fileID: 410614557}
  - component: {fileID: 410614556}
  - component: {fileID: 410614555}
  m_Layer: 0
  m_Name: EventSystem
  m_TagString: Untagged
  m_Icon: {fileID: 0}
  m_NavMeshLayer: 0
  m_StaticEditorFlags: 0
  m_IsActive: 1
--- !u!114 &410614555
MonoBehaviour:
  m_ObjectHideFlags: 0
  m_PrefabParentObject: {fileID: 0}
  m_PrefabInternal: {fileID: 0}
  m_GameObject: {fileID: 410614554}
  m_Enabled: 1
  m_EditorHideFlags: 0
  m_Script: {fileID: 1077351063, guid: f70555f144d8491a825f0804e09c671c, type: 3}
  m_Name: 
  m_EditorClassIdentifier: 
  m_HorizontalAxis: Horizontal
  m_VerticalAxis: Vertical
  m_SubmitButton: Submit
  m_CancelButton: Cancel
  m_InputActionsPerSecond: 10
  m_RepeatDelay: 0.5
  m_ForceModuleActive: 0
--- !u!114 &410614556
MonoBehaviour:
  m_ObjectHideFlags: 0
  m_PrefabParentObject: {fileID: 0}
  m_PrefabInternal: {fileID: 0}
  m_GameObject: {fileID: 410614554}
  m_Enabled: 1
  m_EditorHideFlags: 0
  m_Script: {fileID: -619905303, guid: f70555f144d8491a825f0804e09c671c, type: 3}
  m_Name: 
  m_EditorClassIdentifier: 
  m_FirstSelected: {fileID: 0}
  m_sendNavigationEvents: 1
  m_DragThreshold: 5
--- !u!4 &410614557
Transform:
  m_ObjectHideFlags: 0
  m_PrefabParentObject: {fileID: 0}
  m_PrefabInternal: {fileID: 0}
  m_GameObject: {fileID: 410614554}
  m_LocalRotation: {x: 0, y: 0, z: 0, w: 1}
  m_LocalPosition: {x: 0, y: 0, z: 0}
  m_LocalScale: {x: 1, y: 1, z: 1}
  m_Children: []
  m_Father: {fileID: 0}
  m_RootOrder: 16
  m_LocalEulerAnglesHint: {x: 0, y: 0, z: 0}
--- !u!1 &480655931
GameObject:
  m_ObjectHideFlags: 0
  m_PrefabParentObject: {fileID: 1392204427434078, guid: 4a8710774218d234584a9719c47c34af,
    type: 2}
  m_PrefabInternal: {fileID: 0}
  serializedVersion: 5
  m_Component:
  - component: {fileID: 480655935}
  - component: {fileID: 480655934}
  - component: {fileID: 480655933}
  - component: {fileID: 480655932}
  - component: {fileID: 480655936}
  m_Layer: 0
  m_Name: Cube (13)
  m_TagString: Blocker
  m_Icon: {fileID: 0}
  m_NavMeshLayer: 0
  m_StaticEditorFlags: 0
  m_IsActive: 1
--- !u!23 &480655932
MeshRenderer:
  m_ObjectHideFlags: 0
  m_PrefabParentObject: {fileID: 23882378044254386, guid: 4a8710774218d234584a9719c47c34af,
    type: 2}
  m_PrefabInternal: {fileID: 0}
  m_GameObject: {fileID: 480655931}
  m_Enabled: 1
  m_CastShadows: 1
  m_ReceiveShadows: 1
  m_MotionVectors: 1
  m_LightProbeUsage: 1
  m_ReflectionProbeUsage: 1
  m_Materials:
  - {fileID: 2100000, guid: b483d63cd2278b14d881f991a68cd351, type: 2}
  m_StaticBatchInfo:
    firstSubMesh: 0
    subMeshCount: 0
  m_StaticBatchRoot: {fileID: 0}
  m_ProbeAnchor: {fileID: 0}
  m_LightProbeVolumeOverride: {fileID: 0}
  m_ScaleInLightmap: 1
  m_PreserveUVs: 1
  m_IgnoreNormalsForChartDetection: 0
  m_ImportantGI: 0
  m_SelectedEditorRenderState: 3
  m_MinimumChartSize: 4
  m_AutoUVMaxDistance: 0.5
  m_AutoUVMaxAngle: 89
  m_LightmapParameters: {fileID: 0}
  m_SortingLayerID: 0
  m_SortingLayer: 0
  m_SortingOrder: 0
--- !u!65 &480655933
BoxCollider:
  m_ObjectHideFlags: 0
  m_PrefabParentObject: {fileID: 65756903844438350, guid: 4a8710774218d234584a9719c47c34af,
    type: 2}
  m_PrefabInternal: {fileID: 0}
  m_GameObject: {fileID: 480655931}
  m_Material: {fileID: 0}
  m_IsTrigger: 1
  m_Enabled: 1
  serializedVersion: 2
  m_Size: {x: 1, y: 21.761244, z: 1}
  m_Center: {x: 0, y: -10.380613, z: 0}
--- !u!33 &480655934
MeshFilter:
  m_ObjectHideFlags: 0
  m_PrefabParentObject: {fileID: 33530298261857238, guid: 4a8710774218d234584a9719c47c34af,
    type: 2}
  m_PrefabInternal: {fileID: 0}
  m_GameObject: {fileID: 480655931}
  m_Mesh: {fileID: 10202, guid: 0000000000000000e000000000000000, type: 0}
--- !u!4 &480655935
Transform:
  m_ObjectHideFlags: 0
  m_PrefabParentObject: {fileID: 4148665379704454, guid: 4a8710774218d234584a9719c47c34af,
    type: 2}
  m_PrefabInternal: {fileID: 0}
  m_GameObject: {fileID: 480655931}
  m_LocalRotation: {x: 0, y: 0, z: 0, w: 1}
  m_LocalPosition: {x: -323.94, y: -4.2, z: -23.199999}
  m_LocalScale: {x: 3.2050505, y: 19.127207, z: 6.0933022}
  m_Children:
  - {fileID: 1080473677}
  m_Father: {fileID: 0}
  m_RootOrder: 17
  m_LocalEulerAnglesHint: {x: 0, y: 0, z: 0}
--- !u!82 &480655936
AudioSource:
  m_ObjectHideFlags: 0
  m_PrefabParentObject: {fileID: 0}
  m_PrefabInternal: {fileID: 0}
  m_GameObject: {fileID: 480655931}
  m_Enabled: 1
  serializedVersion: 4
  OutputAudioMixerGroup: {fileID: 0}
  m_audioClip: {fileID: 8300000, guid: 860671462913280459bfbad81539af21, type: 3}
  m_PlayOnAwake: 1
  m_Volume: 1
  m_Pitch: 1
  Loop: 0
  Mute: 0
  Spatialize: 0
  SpatializePostEffects: 0
  Priority: 128
  DopplerLevel: 1
  MinDistance: 1
  MaxDistance: 500
  Pan2D: 0
  rolloffMode: 0
  BypassEffects: 0
  BypassListenerEffects: 0
  BypassReverbZones: 0
  rolloffCustomCurve:
    serializedVersion: 2
    m_Curve:
    - serializedVersion: 2
      time: 0
      value: 1
      inSlope: 0
      outSlope: 0
      tangentMode: 0
    - serializedVersion: 2
      time: 1
      value: 0
      inSlope: 0
      outSlope: 0
      tangentMode: 0
    m_PreInfinity: 2
    m_PostInfinity: 2
    m_RotationOrder: 4
  panLevelCustomCurve:
    serializedVersion: 2
    m_Curve:
    - serializedVersion: 2
      time: 0
      value: 0
      inSlope: 0
      outSlope: 0
      tangentMode: 0
    m_PreInfinity: 2
    m_PostInfinity: 2
    m_RotationOrder: 4
  spreadCustomCurve:
    serializedVersion: 2
    m_Curve:
    - serializedVersion: 2
      time: 0
      value: 0
      inSlope: 0
      outSlope: 0
      tangentMode: 0
    m_PreInfinity: 2
    m_PostInfinity: 2
    m_RotationOrder: 4
  reverbZoneMixCustomCurve:
    serializedVersion: 2
    m_Curve:
    - serializedVersion: 2
      time: 0
      value: 1
      inSlope: 0
      outSlope: 0
      tangentMode: 0
    m_PreInfinity: 2
    m_PostInfinity: 2
    m_RotationOrder: 4
--- !u!1 &680380422
GameObject:
  m_ObjectHideFlags: 0
  m_PrefabParentObject: {fileID: 1110779646648398, guid: 4a8710774218d234584a9719c47c34af,
    type: 2}
  m_PrefabInternal: {fileID: 0}
  serializedVersion: 5
  m_Component:
  - component: {fileID: 680380423}
  - component: {fileID: 680380426}
  - component: {fileID: 680380425}
  - component: {fileID: 680380424}
  m_Layer: 0
  m_Name: Cube
  m_TagString: Untagged
  m_Icon: {fileID: 0}
  m_NavMeshLayer: 0
  m_StaticEditorFlags: 0
  m_IsActive: 1
--- !u!4 &680380423
Transform:
  m_ObjectHideFlags: 0
  m_PrefabParentObject: {fileID: 4039984893397286, guid: 4a8710774218d234584a9719c47c34af,
    type: 2}
  m_PrefabInternal: {fileID: 0}
  m_GameObject: {fileID: 680380422}
  m_LocalRotation: {x: 0, y: 0, z: 0, w: 1}
  m_LocalPosition: {x: 0, y: 0.3893, z: 0}
  m_LocalScale: {x: 1.1213555, y: 0.22147156, z: 1.0141397}
  m_Children: []
  m_Father: {fileID: 1690467545}
  m_RootOrder: 0
  m_LocalEulerAnglesHint: {x: 0, y: 0, z: 0}
--- !u!23 &680380424
MeshRenderer:
  m_ObjectHideFlags: 0
  m_PrefabParentObject: {fileID: 23431746978647766, guid: 4a8710774218d234584a9719c47c34af,
    type: 2}
  m_PrefabInternal: {fileID: 0}
  m_GameObject: {fileID: 680380422}
  m_Enabled: 1
  m_CastShadows: 1
  m_ReceiveShadows: 1
  m_MotionVectors: 1
  m_LightProbeUsage: 1
  m_ReflectionProbeUsage: 1
  m_Materials:
  - {fileID: 2100000, guid: 4e470a46f096b6344b217bcb53dd6be2, type: 2}
  m_StaticBatchInfo:
    firstSubMesh: 0
    subMeshCount: 0
  m_StaticBatchRoot: {fileID: 0}
  m_ProbeAnchor: {fileID: 0}
  m_LightProbeVolumeOverride: {fileID: 0}
  m_ScaleInLightmap: 1
  m_PreserveUVs: 1
  m_IgnoreNormalsForChartDetection: 0
  m_ImportantGI: 0
  m_SelectedEditorRenderState: 3
  m_MinimumChartSize: 4
  m_AutoUVMaxDistance: 0.5
  m_AutoUVMaxAngle: 89
  m_LightmapParameters: {fileID: 0}
  m_SortingLayerID: 0
  m_SortingLayer: 0
  m_SortingOrder: 0
--- !u!65 &680380425
BoxCollider:
  m_ObjectHideFlags: 0
  m_PrefabParentObject: {fileID: 65673434442020350, guid: 4a8710774218d234584a9719c47c34af,
    type: 2}
  m_PrefabInternal: {fileID: 0}
  m_GameObject: {fileID: 680380422}
  m_Material: {fileID: 0}
  m_IsTrigger: 0
  m_Enabled: 1
  serializedVersion: 2
  m_Size: {x: 1, y: 1, z: 1}
  m_Center: {x: 0, y: 0, z: 0}
--- !u!33 &680380426
MeshFilter:
  m_ObjectHideFlags: 0
  m_PrefabParentObject: {fileID: 33459863459580446, guid: 4a8710774218d234584a9719c47c34af,
    type: 2}
  m_PrefabInternal: {fileID: 0}
  m_GameObject: {fileID: 680380422}
  m_Mesh: {fileID: 10202, guid: 0000000000000000e000000000000000, type: 0}
--- !u!1 &712212873 stripped
GameObject:
  m_PrefabParentObject: {fileID: 1012654499898702, guid: 9f64536224ebb7d48baad0d1189488f7,
    type: 2}
  m_PrefabInternal: {fileID: 1766021718}
--- !u!1 &714366748
GameObject:
  m_ObjectHideFlags: 0
  m_PrefabParentObject: {fileID: 1110779646648398, guid: 4a8710774218d234584a9719c47c34af,
    type: 2}
  m_PrefabInternal: {fileID: 0}
  serializedVersion: 5
  m_Component:
  - component: {fileID: 714366749}
  - component: {fileID: 714366752}
  - component: {fileID: 714366751}
  - component: {fileID: 714366750}
  m_Layer: 0
  m_Name: Cube
  m_TagString: Untagged
  m_Icon: {fileID: 0}
  m_NavMeshLayer: 0
  m_StaticEditorFlags: 0
  m_IsActive: 1
--- !u!4 &714366749
Transform:
  m_ObjectHideFlags: 0
  m_PrefabParentObject: {fileID: 4039984893397286, guid: 4a8710774218d234584a9719c47c34af,
    type: 2}
  m_PrefabInternal: {fileID: 0}
  m_GameObject: {fileID: 714366748}
  m_LocalRotation: {x: 0, y: 0, z: 0, w: 1}
  m_LocalPosition: {x: 0, y: 0.3893, z: 0}
  m_LocalScale: {x: 1.0163894, y: 0.22147156, z: 1.0376856}
  m_Children: []
  m_Father: {fileID: 1590809913}
  m_RootOrder: 0
  m_LocalEulerAnglesHint: {x: 0, y: 0, z: 0}
--- !u!23 &714366750
MeshRenderer:
  m_ObjectHideFlags: 0
  m_PrefabParentObject: {fileID: 23431746978647766, guid: 4a8710774218d234584a9719c47c34af,
    type: 2}
  m_PrefabInternal: {fileID: 0}
  m_GameObject: {fileID: 714366748}
  m_Enabled: 1
  m_CastShadows: 1
  m_ReceiveShadows: 1
  m_MotionVectors: 1
  m_LightProbeUsage: 1
  m_ReflectionProbeUsage: 1
  m_Materials:
  - {fileID: 2100000, guid: 4e470a46f096b6344b217bcb53dd6be2, type: 2}
  m_StaticBatchInfo:
    firstSubMesh: 0
    subMeshCount: 0
  m_StaticBatchRoot: {fileID: 0}
  m_ProbeAnchor: {fileID: 0}
  m_LightProbeVolumeOverride: {fileID: 0}
  m_ScaleInLightmap: 1
  m_PreserveUVs: 1
  m_IgnoreNormalsForChartDetection: 0
  m_ImportantGI: 0
  m_SelectedEditorRenderState: 3
  m_MinimumChartSize: 4
  m_AutoUVMaxDistance: 0.5
  m_AutoUVMaxAngle: 89
  m_LightmapParameters: {fileID: 0}
  m_SortingLayerID: 0
  m_SortingLayer: 0
  m_SortingOrder: 0
--- !u!65 &714366751
BoxCollider:
  m_ObjectHideFlags: 0
  m_PrefabParentObject: {fileID: 65673434442020350, guid: 4a8710774218d234584a9719c47c34af,
    type: 2}
  m_PrefabInternal: {fileID: 0}
  m_GameObject: {fileID: 714366748}
  m_Material: {fileID: 0}
  m_IsTrigger: 0
  m_Enabled: 1
  serializedVersion: 2
  m_Size: {x: 1, y: 1, z: 1}
  m_Center: {x: 0, y: 0, z: 0}
--- !u!33 &714366752
MeshFilter:
  m_ObjectHideFlags: 0
  m_PrefabParentObject: {fileID: 33459863459580446, guid: 4a8710774218d234584a9719c47c34af,
    type: 2}
  m_PrefabInternal: {fileID: 0}
  m_GameObject: {fileID: 714366748}
  m_Mesh: {fileID: 10202, guid: 0000000000000000e000000000000000, type: 0}
--- !u!1 &845466065
GameObject:
  m_ObjectHideFlags: 0
  m_PrefabParentObject: {fileID: 1392204427434078, guid: 4a8710774218d234584a9719c47c34af,
    type: 2}
  m_PrefabInternal: {fileID: 0}
  serializedVersion: 5
  m_Component:
  - component: {fileID: 845466069}
  - component: {fileID: 845466068}
  - component: {fileID: 845466067}
  - component: {fileID: 845466066}
  m_Layer: 0
  m_Name: Cube (8)
  m_TagString: Blocker
  m_Icon: {fileID: 0}
  m_NavMeshLayer: 0
  m_StaticEditorFlags: 0
  m_IsActive: 1
--- !u!23 &845466066
MeshRenderer:
  m_ObjectHideFlags: 0
  m_PrefabParentObject: {fileID: 23882378044254386, guid: 4a8710774218d234584a9719c47c34af,
    type: 2}
  m_PrefabInternal: {fileID: 0}
  m_GameObject: {fileID: 845466065}
  m_Enabled: 1
  m_CastShadows: 1
  m_ReceiveShadows: 1
  m_MotionVectors: 1
  m_LightProbeUsage: 1
  m_ReflectionProbeUsage: 1
  m_Materials:
  - {fileID: 2100000, guid: b483d63cd2278b14d881f991a68cd351, type: 2}
  m_StaticBatchInfo:
    firstSubMesh: 0
    subMeshCount: 0
  m_StaticBatchRoot: {fileID: 0}
  m_ProbeAnchor: {fileID: 0}
  m_LightProbeVolumeOverride: {fileID: 0}
  m_ScaleInLightmap: 1
  m_PreserveUVs: 1
  m_IgnoreNormalsForChartDetection: 0
  m_ImportantGI: 0
  m_SelectedEditorRenderState: 3
  m_MinimumChartSize: 4
  m_AutoUVMaxDistance: 0.5
  m_AutoUVMaxAngle: 89
  m_LightmapParameters: {fileID: 0}
  m_SortingLayerID: 0
  m_SortingLayer: 0
  m_SortingOrder: 0
--- !u!65 &845466067
BoxCollider:
  m_ObjectHideFlags: 0
  m_PrefabParentObject: {fileID: 65756903844438350, guid: 4a8710774218d234584a9719c47c34af,
    type: 2}
  m_PrefabInternal: {fileID: 0}
  m_GameObject: {fileID: 845466065}
  m_Material: {fileID: 0}
  m_IsTrigger: 1
  m_Enabled: 1
  serializedVersion: 2
  m_Size: {x: 1, y: 21.761244, z: 1}
  m_Center: {x: 0, y: -10.380613, z: 0}
--- !u!33 &845466068
MeshFilter:
  m_ObjectHideFlags: 0
  m_PrefabParentObject: {fileID: 33530298261857238, guid: 4a8710774218d234584a9719c47c34af,
    type: 2}
  m_PrefabInternal: {fileID: 0}
  m_GameObject: {fileID: 845466065}
  m_Mesh: {fileID: 10202, guid: 0000000000000000e000000000000000, type: 0}
--- !u!4 &845466069
Transform:
  m_ObjectHideFlags: 0
  m_PrefabParentObject: {fileID: 4148665379704454, guid: 4a8710774218d234584a9719c47c34af,
    type: 2}
  m_PrefabInternal: {fileID: 0}
  m_GameObject: {fileID: 845466065}
  m_LocalRotation: {x: 0, y: 0, z: 0, w: 1}
  m_LocalPosition: {x: -259.3, y: -4.2, z: -23.199999}
  m_LocalScale: {x: 3.2050505, y: 19.127207, z: 6.0933022}
  m_Children:
  - {fileID: 929329779}
  m_Father: {fileID: 0}
  m_RootOrder: 15
  m_LocalEulerAnglesHint: {x: 0, y: 0, z: 0}
--- !u!1 &877652492
GameObject:
  m_ObjectHideFlags: 0
  m_PrefabParentObject: {fileID: 0}
  m_PrefabInternal: {fileID: 0}
  serializedVersion: 5
  m_Component:
  - component: {fileID: 877652496}
  - component: {fileID: 877652495}
  - component: {fileID: 877652494}
  - component: {fileID: 877652493}
  m_Layer: 0
  m_Name: Cube (2)
  m_TagString: Untagged
  m_Icon: {fileID: 0}
  m_NavMeshLayer: 0
  m_StaticEditorFlags: 0
  m_IsActive: 1
--- !u!23 &877652493
MeshRenderer:
  m_ObjectHideFlags: 0
  m_PrefabParentObject: {fileID: 0}
  m_PrefabInternal: {fileID: 0}
  m_GameObject: {fileID: 877652492}
  m_Enabled: 1
  m_CastShadows: 1
  m_ReceiveShadows: 1
  m_MotionVectors: 1
  m_LightProbeUsage: 1
  m_ReflectionProbeUsage: 1
  m_Materials:
  - {fileID: 2100000, guid: 4e470a46f096b6344b217bcb53dd6be2, type: 2}
  m_StaticBatchInfo:
    firstSubMesh: 0
    subMeshCount: 0
  m_StaticBatchRoot: {fileID: 0}
  m_ProbeAnchor: {fileID: 0}
  m_LightProbeVolumeOverride: {fileID: 0}
  m_ScaleInLightmap: 1
  m_PreserveUVs: 1
  m_IgnoreNormalsForChartDetection: 0
  m_ImportantGI: 0
  m_SelectedEditorRenderState: 3
  m_MinimumChartSize: 4
  m_AutoUVMaxDistance: 0.5
  m_AutoUVMaxAngle: 89
  m_LightmapParameters: {fileID: 0}
  m_SortingLayerID: 0
  m_SortingLayer: 0
  m_SortingOrder: 0
--- !u!65 &877652494
BoxCollider:
  m_ObjectHideFlags: 0
  m_PrefabParentObject: {fileID: 0}
  m_PrefabInternal: {fileID: 0}
  m_GameObject: {fileID: 877652492}
  m_Material: {fileID: 0}
  m_IsTrigger: 0
  m_Enabled: 1
  serializedVersion: 2
  m_Size: {x: 1, y: 1, z: 1}
  m_Center: {x: 0, y: 0, z: 0}
--- !u!33 &877652495
MeshFilter:
  m_ObjectHideFlags: 0
  m_PrefabParentObject: {fileID: 0}
  m_PrefabInternal: {fileID: 0}
  m_GameObject: {fileID: 877652492}
  m_Mesh: {fileID: 10202, guid: 0000000000000000e000000000000000, type: 0}
--- !u!4 &877652496
Transform:
  m_ObjectHideFlags: 0
  m_PrefabParentObject: {fileID: 0}
  m_PrefabInternal: {fileID: 0}
  m_GameObject: {fileID: 877652492}
  m_LocalRotation: {x: 0.7071068, y: 0, z: 0, w: 0.7071068}
  m_LocalPosition: {x: -268.89, y: -6.48, z: -10.5}
  m_LocalScale: {x: 184.66899, y: 0.9999983, z: 21.492352}
  m_Children: []
  m_Father: {fileID: 0}
  m_RootOrder: 9
  m_LocalEulerAnglesHint: {x: 90, y: 0, z: 0}
--- !u!1 &929329778
GameObject:
  m_ObjectHideFlags: 0
  m_PrefabParentObject: {fileID: 1110779646648398, guid: 4a8710774218d234584a9719c47c34af,
    type: 2}
  m_PrefabInternal: {fileID: 0}
  serializedVersion: 5
  m_Component:
  - component: {fileID: 929329779}
  - component: {fileID: 929329782}
  - component: {fileID: 929329781}
  - component: {fileID: 929329780}
  m_Layer: 0
  m_Name: Cube
  m_TagString: Untagged
  m_Icon: {fileID: 0}
  m_NavMeshLayer: 0
  m_StaticEditorFlags: 0
  m_IsActive: 1
--- !u!4 &929329779
Transform:
  m_ObjectHideFlags: 0
  m_PrefabParentObject: {fileID: 4039984893397286, guid: 4a8710774218d234584a9719c47c34af,
    type: 2}
  m_PrefabInternal: {fileID: 0}
  m_GameObject: {fileID: 929329778}
  m_LocalRotation: {x: 0, y: 0, z: 0, w: 1}
  m_LocalPosition: {x: 0, y: 0.3893, z: 0}
  m_LocalScale: {x: 1.0872904, y: 0.22147156, z: 1.0266241}
  m_Children: []
  m_Father: {fileID: 845466069}
  m_RootOrder: 0
  m_LocalEulerAnglesHint: {x: 0, y: 0, z: 0}
--- !u!23 &929329780
MeshRenderer:
  m_ObjectHideFlags: 0
  m_PrefabParentObject: {fileID: 23431746978647766, guid: 4a8710774218d234584a9719c47c34af,
    type: 2}
  m_PrefabInternal: {fileID: 0}
  m_GameObject: {fileID: 929329778}
  m_Enabled: 1
  m_CastShadows: 1
  m_ReceiveShadows: 1
  m_MotionVectors: 1
  m_LightProbeUsage: 1
  m_ReflectionProbeUsage: 1
  m_Materials:
  - {fileID: 2100000, guid: 4e470a46f096b6344b217bcb53dd6be2, type: 2}
  m_StaticBatchInfo:
    firstSubMesh: 0
    subMeshCount: 0
  m_StaticBatchRoot: {fileID: 0}
  m_ProbeAnchor: {fileID: 0}
  m_LightProbeVolumeOverride: {fileID: 0}
  m_ScaleInLightmap: 1
  m_PreserveUVs: 1
  m_IgnoreNormalsForChartDetection: 0
  m_ImportantGI: 0
  m_SelectedEditorRenderState: 3
  m_MinimumChartSize: 4
  m_AutoUVMaxDistance: 0.5
  m_AutoUVMaxAngle: 89
  m_LightmapParameters: {fileID: 0}
  m_SortingLayerID: 0
  m_SortingLayer: 0
  m_SortingOrder: 0
--- !u!65 &929329781
BoxCollider:
  m_ObjectHideFlags: 0
  m_PrefabParentObject: {fileID: 65673434442020350, guid: 4a8710774218d234584a9719c47c34af,
    type: 2}
  m_PrefabInternal: {fileID: 0}
  m_GameObject: {fileID: 929329778}
  m_Material: {fileID: 0}
  m_IsTrigger: 0
  m_Enabled: 1
  serializedVersion: 2
  m_Size: {x: 1, y: 1, z: 1}
  m_Center: {x: 0, y: 0, z: 0}
--- !u!33 &929329782
MeshFilter:
  m_ObjectHideFlags: 0
  m_PrefabParentObject: {fileID: 33459863459580446, guid: 4a8710774218d234584a9719c47c34af,
    type: 2}
  m_PrefabInternal: {fileID: 0}
  m_GameObject: {fileID: 929329778}
  m_Mesh: {fileID: 10202, guid: 0000000000000000e000000000000000, type: 0}
--- !u!1 &954289021
GameObject:
  m_ObjectHideFlags: 0
  m_PrefabParentObject: {fileID: 0}
  m_PrefabInternal: {fileID: 0}
  serializedVersion: 5
  m_Component:
  - component: {fileID: 954289023}
  - component: {fileID: 954289022}
  m_Layer: 0
  m_Name: Directional light
  m_TagString: Untagged
  m_Icon: {fileID: 0}
  m_NavMeshLayer: 0
  m_StaticEditorFlags: 0
  m_IsActive: 1
--- !u!108 &954289022
Light:
  m_ObjectHideFlags: 0
  m_PrefabParentObject: {fileID: 0}
  m_PrefabInternal: {fileID: 0}
  m_GameObject: {fileID: 954289021}
  m_Enabled: 1
  serializedVersion: 8
  m_Type: 1
  m_Color: {r: 1, g: 1, b: 1, a: 1}
  m_Intensity: 1
  m_Range: 10
  m_SpotAngle: 30
  m_CookieSize: 10
  m_Shadows:
    m_Type: 0
    m_Resolution: -1
    m_CustomResolution: -1
    m_Strength: 1
    m_Bias: 0.05
    m_NormalBias: 0.4
    m_NearPlane: 0.2
  m_Cookie: {fileID: 0}
  m_DrawHalo: 0
  m_Flare: {fileID: 0}
  m_RenderMode: 0
  m_CullingMask:
    serializedVersion: 2
    m_Bits: 4294967295
  m_Lightmapping: 4
  m_AreaSize: {x: 1, y: 1}
  m_BounceIntensity: 1
  m_FalloffTable:
    m_Table[0]: 0
    m_Table[1]: 0
    m_Table[2]: 0
    m_Table[3]: 0
    m_Table[4]: 0
    m_Table[5]: 0
    m_Table[6]: 0
    m_Table[7]: 0
    m_Table[8]: 0
    m_Table[9]: 0
    m_Table[10]: 0
    m_Table[11]: 0
    m_Table[12]: 0
  m_ColorTemperature: 6570
  m_UseColorTemperature: 0
  m_ShadowRadius: 0
  m_ShadowAngle: 0
--- !u!4 &954289023
Transform:
  m_ObjectHideFlags: 0
  m_PrefabParentObject: {fileID: 0}
  m_PrefabInternal: {fileID: 0}
  m_GameObject: {fileID: 954289021}
  m_LocalRotation: {x: 0.7071068, y: 0, z: 0, w: 0.7071068}
  m_LocalPosition: {x: -189.18344, y: 8.29637, z: -19.805534}
  m_LocalScale: {x: 1, y: 1, z: 1}
  m_Children: []
  m_Father: {fileID: 0}
  m_RootOrder: 11
  m_LocalEulerAnglesHint: {x: 90, y: 0, z: 0}
--- !u!1001 &1039585779
Prefab:
  m_ObjectHideFlags: 0
  serializedVersion: 2
  m_Modification:
    m_TransformParent: {fileID: 0}
    m_Modifications:
    - target: {fileID: 4658605810009892, guid: 6840d3330236a594989098906075e093, type: 2}
      propertyPath: m_LocalPosition.x
      value: -285.17
      objectReference: {fileID: 0}
    - target: {fileID: 4658605810009892, guid: 6840d3330236a594989098906075e093, type: 2}
      propertyPath: m_LocalPosition.y
      value: -4.2
      objectReference: {fileID: 0}
    - target: {fileID: 4658605810009892, guid: 6840d3330236a594989098906075e093, type: 2}
      propertyPath: m_LocalPosition.z
      value: -36.11
      objectReference: {fileID: 0}
    - target: {fileID: 4658605810009892, guid: 6840d3330236a594989098906075e093, type: 2}
      propertyPath: m_LocalRotation.x
      value: 0
      objectReference: {fileID: 0}
    - target: {fileID: 4658605810009892, guid: 6840d3330236a594989098906075e093, type: 2}
      propertyPath: m_LocalRotation.y
      value: 0
      objectReference: {fileID: 0}
    - target: {fileID: 4658605810009892, guid: 6840d3330236a594989098906075e093, type: 2}
      propertyPath: m_LocalRotation.z
      value: 0
      objectReference: {fileID: 0}
    - target: {fileID: 4658605810009892, guid: 6840d3330236a594989098906075e093, type: 2}
      propertyPath: m_LocalRotation.w
      value: 1
      objectReference: {fileID: 0}
    - target: {fileID: 4658605810009892, guid: 6840d3330236a594989098906075e093, type: 2}
      propertyPath: m_RootOrder
      value: 14
      objectReference: {fileID: 0}
    - target: {fileID: 1155736572654088, guid: 6840d3330236a594989098906075e093, type: 2}
      propertyPath: m_Name
      value: Cube (11)
      objectReference: {fileID: 0}
    - target: {fileID: 23593190605739074, guid: 6840d3330236a594989098906075e093,
        type: 2}
      propertyPath: m_Materials.Array.data[0]
      value: 
      objectReference: {fileID: 2100000, guid: 4e470a46f096b6344b217bcb53dd6be2, type: 2}
    m_RemovedComponents: []
  m_ParentPrefab: {fileID: 100100000, guid: 6840d3330236a594989098906075e093, type: 2}
  m_IsPrefabParent: 0
--- !u!1 &1080473676
GameObject:
  m_ObjectHideFlags: 0
  m_PrefabParentObject: {fileID: 1110779646648398, guid: 4a8710774218d234584a9719c47c34af,
    type: 2}
  m_PrefabInternal: {fileID: 0}
  serializedVersion: 5
  m_Component:
  - component: {fileID: 1080473677}
  - component: {fileID: 1080473680}
  - component: {fileID: 1080473679}
  - component: {fileID: 1080473678}
  m_Layer: 0
  m_Name: Cube
  m_TagString: Untagged
  m_Icon: {fileID: 0}
  m_NavMeshLayer: 0
  m_StaticEditorFlags: 0
  m_IsActive: 1
--- !u!4 &1080473677
Transform:
  m_ObjectHideFlags: 0
  m_PrefabParentObject: {fileID: 4039984893397286, guid: 4a8710774218d234584a9719c47c34af,
    type: 2}
  m_PrefabInternal: {fileID: 0}
  m_GameObject: {fileID: 1080473676}
  m_LocalRotation: {x: 0, y: 0, z: 0, w: 1}
  m_LocalPosition: {x: 0, y: 0.3893, z: 0}
  m_LocalScale: {x: 1.0872904, y: 0.22147156, z: 1.0266241}
  m_Children: []
  m_Father: {fileID: 480655935}
  m_RootOrder: 0
  m_LocalEulerAnglesHint: {x: 0, y: 0, z: 0}
--- !u!23 &1080473678
MeshRenderer:
  m_ObjectHideFlags: 0
  m_PrefabParentObject: {fileID: 23431746978647766, guid: 4a8710774218d234584a9719c47c34af,
    type: 2}
  m_PrefabInternal: {fileID: 0}
  m_GameObject: {fileID: 1080473676}
  m_Enabled: 1
  m_CastShadows: 1
  m_ReceiveShadows: 1
  m_MotionVectors: 1
  m_LightProbeUsage: 1
  m_ReflectionProbeUsage: 1
  m_Materials:
  - {fileID: 2100000, guid: 4e470a46f096b6344b217bcb53dd6be2, type: 2}
  m_StaticBatchInfo:
    firstSubMesh: 0
    subMeshCount: 0
  m_StaticBatchRoot: {fileID: 0}
  m_ProbeAnchor: {fileID: 0}
  m_LightProbeVolumeOverride: {fileID: 0}
  m_ScaleInLightmap: 1
  m_PreserveUVs: 1
  m_IgnoreNormalsForChartDetection: 0
  m_ImportantGI: 0
  m_SelectedEditorRenderState: 3
  m_MinimumChartSize: 4
  m_AutoUVMaxDistance: 0.5
  m_AutoUVMaxAngle: 89
  m_LightmapParameters: {fileID: 0}
  m_SortingLayerID: 0
  m_SortingLayer: 0
  m_SortingOrder: 0
--- !u!65 &1080473679
BoxCollider:
  m_ObjectHideFlags: 0
  m_PrefabParentObject: {fileID: 65673434442020350, guid: 4a8710774218d234584a9719c47c34af,
    type: 2}
  m_PrefabInternal: {fileID: 0}
  m_GameObject: {fileID: 1080473676}
  m_Material: {fileID: 0}
  m_IsTrigger: 0
  m_Enabled: 1
  serializedVersion: 2
  m_Size: {x: 1, y: 1, z: 1}
  m_Center: {x: 0, y: 0, z: 0}
--- !u!33 &1080473680
MeshFilter:
  m_ObjectHideFlags: 0
  m_PrefabParentObject: {fileID: 33459863459580446, guid: 4a8710774218d234584a9719c47c34af,
    type: 2}
  m_PrefabInternal: {fileID: 0}
  m_GameObject: {fileID: 1080473676}
  m_Mesh: {fileID: 10202, guid: 0000000000000000e000000000000000, type: 0}
--- !u!1001 &1083258885
Prefab:
  m_ObjectHideFlags: 0
  serializedVersion: 2
  m_Modification:
    m_TransformParent: {fileID: 0}
    m_Modifications:
    - target: {fileID: 4658605810009892, guid: 6840d3330236a594989098906075e093, type: 2}
      propertyPath: m_LocalPosition.x
      value: -303.52
      objectReference: {fileID: 0}
    - target: {fileID: 4658605810009892, guid: 6840d3330236a594989098906075e093, type: 2}
      propertyPath: m_LocalPosition.y
      value: -4.2
      objectReference: {fileID: 0}
    - target: {fileID: 4658605810009892, guid: 6840d3330236a594989098906075e093, type: 2}
      propertyPath: m_LocalPosition.z
      value: -17.829435
      objectReference: {fileID: 0}
    - target: {fileID: 4658605810009892, guid: 6840d3330236a594989098906075e093, type: 2}
      propertyPath: m_LocalRotation.x
      value: 0
      objectReference: {fileID: 0}
    - target: {fileID: 4658605810009892, guid: 6840d3330236a594989098906075e093, type: 2}
      propertyPath: m_LocalRotation.y
      value: 0
      objectReference: {fileID: 0}
    - target: {fileID: 4658605810009892, guid: 6840d3330236a594989098906075e093, type: 2}
      propertyPath: m_LocalRotation.z
      value: 0
      objectReference: {fileID: 0}
    - target: {fileID: 4658605810009892, guid: 6840d3330236a594989098906075e093, type: 2}
      propertyPath: m_LocalRotation.w
      value: 1
      objectReference: {fileID: 0}
    - target: {fileID: 4658605810009892, guid: 6840d3330236a594989098906075e093, type: 2}
      propertyPath: m_RootOrder
      value: 3
      objectReference: {fileID: 0}
    - target: {fileID: 1155736572654088, guid: 6840d3330236a594989098906075e093, type: 2}
      propertyPath: m_Name
      value: Cube (12)
      objectReference: {fileID: 0}
    - target: {fileID: 23593190605739074, guid: 6840d3330236a594989098906075e093,
        type: 2}
      propertyPath: m_Materials.Array.data[0]
      value: 
      objectReference: {fileID: 2100000, guid: 4e470a46f096b6344b217bcb53dd6be2, type: 2}
    m_RemovedComponents: []
  m_ParentPrefab: {fileID: 100100000, guid: 6840d3330236a594989098906075e093, type: 2}
  m_IsPrefabParent: 0
--- !u!1 &1085336124
GameObject:
  m_ObjectHideFlags: 0
  m_PrefabParentObject: {fileID: 1392204427434078, guid: 4a8710774218d234584a9719c47c34af,
    type: 2}
  m_PrefabInternal: {fileID: 0}
  serializedVersion: 5
  m_Component:
  - component: {fileID: 1085336128}
  - component: {fileID: 1085336127}
  - component: {fileID: 1085336126}
  - component: {fileID: 1085336125}
  m_Layer: 0
  m_Name: Cube (14)
  m_TagString: Blocker
  m_Icon: {fileID: 0}
  m_NavMeshLayer: 0
  m_StaticEditorFlags: 0
  m_IsActive: 1
--- !u!23 &1085336125
MeshRenderer:
  m_ObjectHideFlags: 0
  m_PrefabParentObject: {fileID: 23882378044254386, guid: 4a8710774218d234584a9719c47c34af,
    type: 2}
  m_PrefabInternal: {fileID: 0}
  m_GameObject: {fileID: 1085336124}
  m_Enabled: 1
  m_CastShadows: 1
  m_ReceiveShadows: 1
  m_MotionVectors: 1
  m_LightProbeUsage: 1
  m_ReflectionProbeUsage: 1
  m_Materials:
  - {fileID: 2100000, guid: b483d63cd2278b14d881f991a68cd351, type: 2}
  m_StaticBatchInfo:
    firstSubMesh: 0
    subMeshCount: 0
  m_StaticBatchRoot: {fileID: 0}
  m_ProbeAnchor: {fileID: 0}
  m_LightProbeVolumeOverride: {fileID: 0}
  m_ScaleInLightmap: 1
  m_PreserveUVs: 1
  m_IgnoreNormalsForChartDetection: 0
  m_ImportantGI: 0
  m_SelectedEditorRenderState: 3
  m_MinimumChartSize: 4
  m_AutoUVMaxDistance: 0.5
  m_AutoUVMaxAngle: 89
  m_LightmapParameters: {fileID: 0}
  m_SortingLayerID: 0
  m_SortingLayer: 0
  m_SortingOrder: 0
--- !u!65 &1085336126
BoxCollider:
  m_ObjectHideFlags: 0
  m_PrefabParentObject: {fileID: 65756903844438350, guid: 4a8710774218d234584a9719c47c34af,
    type: 2}
  m_PrefabInternal: {fileID: 0}
  m_GameObject: {fileID: 1085336124}
  m_Material: {fileID: 0}
  m_IsTrigger: 1
  m_Enabled: 1
  serializedVersion: 2
  m_Size: {x: 1, y: 21.761244, z: 1}
  m_Center: {x: 0, y: -10.380613, z: 0}
--- !u!33 &1085336127
MeshFilter:
  m_ObjectHideFlags: 0
  m_PrefabParentObject: {fileID: 33530298261857238, guid: 4a8710774218d234584a9719c47c34af,
    type: 2}
  m_PrefabInternal: {fileID: 0}
  m_GameObject: {fileID: 1085336124}
  m_Mesh: {fileID: 10202, guid: 0000000000000000e000000000000000, type: 0}
--- !u!4 &1085336128
Transform:
  m_ObjectHideFlags: 0
  m_PrefabParentObject: {fileID: 4148665379704454, guid: 4a8710774218d234584a9719c47c34af,
    type: 2}
  m_PrefabInternal: {fileID: 0}
  m_GameObject: {fileID: 1085336124}
  m_LocalRotation: {x: 0, y: 0, z: 0, w: 1}
  m_LocalPosition: {x: -336.1, y: -4.2, z: -13.78}
  m_LocalScale: {x: 3.2050505, y: 19.127207, z: 6.0933022}
  m_Children:
  - {fileID: 352039442}
  m_Father: {fileID: 0}
  m_RootOrder: 18
  m_LocalEulerAnglesHint: {x: 0, y: 0, z: 0}
--- !u!1 &1087107415
GameObject:
  m_ObjectHideFlags: 0
  m_PrefabParentObject: {fileID: 0}
  m_PrefabInternal: {fileID: 0}
  serializedVersion: 5
  m_Component:
  - component: {fileID: 1087107419}
  - component: {fileID: 1087107418}
  - component: {fileID: 1087107417}
  - component: {fileID: 1087107416}
  m_Layer: 0
  m_Name: Cube (1)
  m_TagString: Untagged
  m_Icon: {fileID: 0}
  m_NavMeshLayer: 0
  m_StaticEditorFlags: 0
  m_IsActive: 1
--- !u!23 &1087107416
MeshRenderer:
  m_ObjectHideFlags: 0
  m_PrefabParentObject: {fileID: 0}
  m_PrefabInternal: {fileID: 0}
  m_GameObject: {fileID: 1087107415}
  m_Enabled: 1
  m_CastShadows: 1
  m_ReceiveShadows: 1
  m_MotionVectors: 1
  m_LightProbeUsage: 1
  m_ReflectionProbeUsage: 1
  m_Materials:
  - {fileID: 2100000, guid: 4e470a46f096b6344b217bcb53dd6be2, type: 2}
  m_StaticBatchInfo:
    firstSubMesh: 0
    subMeshCount: 0
  m_StaticBatchRoot: {fileID: 0}
  m_ProbeAnchor: {fileID: 0}
  m_LightProbeVolumeOverride: {fileID: 0}
  m_ScaleInLightmap: 1
  m_PreserveUVs: 1
  m_IgnoreNormalsForChartDetection: 0
  m_ImportantGI: 0
  m_SelectedEditorRenderState: 3
  m_MinimumChartSize: 4
  m_AutoUVMaxDistance: 0.5
  m_AutoUVMaxAngle: 89
  m_LightmapParameters: {fileID: 0}
  m_SortingLayerID: 0
  m_SortingLayer: 0
  m_SortingOrder: 0
--- !u!65 &1087107417
BoxCollider:
  m_ObjectHideFlags: 0
  m_PrefabParentObject: {fileID: 0}
  m_PrefabInternal: {fileID: 0}
  m_GameObject: {fileID: 1087107415}
  m_Material: {fileID: 0}
  m_IsTrigger: 0
  m_Enabled: 1
  serializedVersion: 2
  m_Size: {x: 1, y: 1, z: 1}
  m_Center: {x: 0, y: 0, z: 0}
--- !u!33 &1087107418
MeshFilter:
  m_ObjectHideFlags: 0
  m_PrefabParentObject: {fileID: 0}
  m_PrefabInternal: {fileID: 0}
  m_GameObject: {fileID: 1087107415}
  m_Mesh: {fileID: 10202, guid: 0000000000000000e000000000000000, type: 0}
--- !u!4 &1087107419
Transform:
  m_ObjectHideFlags: 0
  m_PrefabParentObject: {fileID: 0}
  m_PrefabInternal: {fileID: 0}
  m_GameObject: {fileID: 1087107415}
  m_LocalRotation: {x: 0.7071068, y: 0, z: 0, w: 0.7071068}
  m_LocalPosition: {x: -268.89, y: -6.48, z: -24.699999}
  m_LocalScale: {x: 184.66899, y: 0.9999983, z: 21.492352}
  m_Children: []
  m_Father: {fileID: 0}
  m_RootOrder: 8
  m_LocalEulerAnglesHint: {x: 90, y: 0, z: 0}
--- !u!1 &1198751214
GameObject:
  m_ObjectHideFlags: 0
  m_PrefabParentObject: {fileID: 1110779646648398, guid: 4a8710774218d234584a9719c47c34af,
    type: 2}
  m_PrefabInternal: {fileID: 0}
  serializedVersion: 5
  m_Component:
  - component: {fileID: 1198751215}
  - component: {fileID: 1198751218}
  - component: {fileID: 1198751217}
  - component: {fileID: 1198751216}
  m_Layer: 0
  m_Name: Cube
  m_TagString: Untagged
  m_Icon: {fileID: 0}
  m_NavMeshLayer: 0
  m_StaticEditorFlags: 0
  m_IsActive: 1
--- !u!4 &1198751215
Transform:
  m_ObjectHideFlags: 0
  m_PrefabParentObject: {fileID: 4039984893397286, guid: 4a8710774218d234584a9719c47c34af,
    type: 2}
  m_PrefabInternal: {fileID: 0}
  m_GameObject: {fileID: 1198751214}
  m_LocalRotation: {x: 0, y: 0, z: 0, w: 1}
  m_LocalPosition: {x: 0, y: 0.3893, z: 0}
  m_LocalScale: {x: 1.0872904, y: 0.22147156, z: 1.0266241}
  m_Children: []
  m_Father: {fileID: 1487540206}
  m_RootOrder: 0
  m_LocalEulerAnglesHint: {x: 0, y: 0, z: 0}
--- !u!23 &1198751216
MeshRenderer:
  m_ObjectHideFlags: 0
  m_PrefabParentObject: {fileID: 23431746978647766, guid: 4a8710774218d234584a9719c47c34af,
    type: 2}
  m_PrefabInternal: {fileID: 0}
  m_GameObject: {fileID: 1198751214}
  m_Enabled: 1
  m_CastShadows: 1
  m_ReceiveShadows: 1
  m_MotionVectors: 1
  m_LightProbeUsage: 1
  m_ReflectionProbeUsage: 1
  m_Materials:
  - {fileID: 2100000, guid: 4e470a46f096b6344b217bcb53dd6be2, type: 2}
  m_StaticBatchInfo:
    firstSubMesh: 0
    subMeshCount: 0
  m_StaticBatchRoot: {fileID: 0}
  m_ProbeAnchor: {fileID: 0}
  m_LightProbeVolumeOverride: {fileID: 0}
  m_ScaleInLightmap: 1
  m_PreserveUVs: 1
  m_IgnoreNormalsForChartDetection: 0
  m_ImportantGI: 0
  m_SelectedEditorRenderState: 3
  m_MinimumChartSize: 4
  m_AutoUVMaxDistance: 0.5
  m_AutoUVMaxAngle: 89
  m_LightmapParameters: {fileID: 0}
  m_SortingLayerID: 0
  m_SortingLayer: 0
  m_SortingOrder: 0
--- !u!65 &1198751217
BoxCollider:
  m_ObjectHideFlags: 0
  m_PrefabParentObject: {fileID: 65673434442020350, guid: 4a8710774218d234584a9719c47c34af,
    type: 2}
  m_PrefabInternal: {fileID: 0}
  m_GameObject: {fileID: 1198751214}
  m_Material: {fileID: 0}
  m_IsTrigger: 0
  m_Enabled: 1
  serializedVersion: 2
  m_Size: {x: 1, y: 1, z: 1}
  m_Center: {x: 0, y: 0, z: 0}
--- !u!33 &1198751218
MeshFilter:
  m_ObjectHideFlags: 0
  m_PrefabParentObject: {fileID: 33459863459580446, guid: 4a8710774218d234584a9719c47c34af,
    type: 2}
  m_PrefabInternal: {fileID: 0}
  m_GameObject: {fileID: 1198751214}
  m_Mesh: {fileID: 10202, guid: 0000000000000000e000000000000000, type: 0}
--- !u!1 &1245629272
GameObject:
  m_ObjectHideFlags: 0
  m_PrefabParentObject: {fileID: 1392204427434078, guid: 4a8710774218d234584a9719c47c34af,
    type: 2}
  m_PrefabInternal: {fileID: 0}
  serializedVersion: 5
  m_Component:
  - component: {fileID: 1245629276}
  - component: {fileID: 1245629275}
  - component: {fileID: 1245629274}
  - component: {fileID: 1245629273}
  - component: {fileID: 1245629277}
  m_Layer: 0
  m_Name: Cube (16)
  m_TagString: Blocker
  m_Icon: {fileID: 0}
  m_NavMeshLayer: 0
  m_StaticEditorFlags: 0
  m_IsActive: 1
--- !u!23 &1245629273
MeshRenderer:
  m_ObjectHideFlags: 0
  m_PrefabParentObject: {fileID: 23882378044254386, guid: 4a8710774218d234584a9719c47c34af,
    type: 2}
  m_PrefabInternal: {fileID: 0}
  m_GameObject: {fileID: 1245629272}
  m_Enabled: 1
  m_CastShadows: 1
  m_ReceiveShadows: 1
  m_MotionVectors: 1
  m_LightProbeUsage: 1
  m_ReflectionProbeUsage: 1
  m_Materials:
  - {fileID: 2100000, guid: 3be0e8f9d1af4654ca4b9f9f6d55b4ea, type: 2}
  m_StaticBatchInfo:
    firstSubMesh: 0
    subMeshCount: 0
  m_StaticBatchRoot: {fileID: 0}
  m_ProbeAnchor: {fileID: 0}
  m_LightProbeVolumeOverride: {fileID: 0}
  m_ScaleInLightmap: 1
  m_PreserveUVs: 1
  m_IgnoreNormalsForChartDetection: 0
  m_ImportantGI: 0
  m_SelectedEditorRenderState: 3
  m_MinimumChartSize: 4
  m_AutoUVMaxDistance: 0.5
  m_AutoUVMaxAngle: 89
  m_LightmapParameters: {fileID: 0}
  m_SortingLayerID: 0
  m_SortingLayer: 0
  m_SortingOrder: 0
--- !u!65 &1245629274
BoxCollider:
  m_ObjectHideFlags: 0
  m_PrefabParentObject: {fileID: 65756903844438350, guid: 4a8710774218d234584a9719c47c34af,
    type: 2}
  m_PrefabInternal: {fileID: 0}
  m_GameObject: {fileID: 1245629272}
  m_Material: {fileID: 0}
  m_IsTrigger: 1
  m_Enabled: 1
  serializedVersion: 2
  m_Size: {x: 1, y: 21.761244, z: 1}
  m_Center: {x: 0, y: -10.380613, z: 0}
--- !u!33 &1245629275
MeshFilter:
  m_ObjectHideFlags: 0
  m_PrefabParentObject: {fileID: 33530298261857238, guid: 4a8710774218d234584a9719c47c34af,
    type: 2}
  m_PrefabInternal: {fileID: 0}
  m_GameObject: {fileID: 1245629272}
  m_Mesh: {fileID: 10202, guid: 0000000000000000e000000000000000, type: 0}
--- !u!4 &1245629276
Transform:
  m_ObjectHideFlags: 0
  m_PrefabParentObject: {fileID: 4148665379704454, guid: 4a8710774218d234584a9719c47c34af,
    type: 2}
  m_PrefabInternal: {fileID: 0}
  m_GameObject: {fileID: 1245629272}
  m_LocalRotation: {x: 0, y: 0, z: 0, w: 1}
  m_LocalPosition: {x: -354.4, y: -4.2, z: -17.946}
  m_LocalScale: {x: 3.20505, y: 19.127207, z: 14.424426}
  m_Children:
  - {fileID: 1659348197}
  m_Father: {fileID: 0}
  m_RootOrder: 20
  m_LocalEulerAnglesHint: {x: 0, y: 0, z: 0}
--- !u!114 &1245629277
MonoBehaviour:
  m_ObjectHideFlags: 0
  m_PrefabParentObject: {fileID: 0}
  m_PrefabInternal: {fileID: 0}
  m_GameObject: {fileID: 1245629272}
  m_Enabled: 1
  m_EditorHideFlags: 0
  m_Script: {fileID: 11500000, guid: 85ddfbf00cf52e2479f9cc755ba7a3ab, type: 3}
  m_Name: 
  m_EditorClassIdentifier: 
  level: 4
--- !u!1 &1327796652 stripped
GameObject:
  m_PrefabParentObject: {fileID: 1155736572654088, guid: 6840d3330236a594989098906075e093,
    type: 2}
  m_PrefabInternal: {fileID: 1083258885}
--- !u!95 &1327796653
Animator:
  serializedVersion: 3
  m_ObjectHideFlags: 0
  m_PrefabParentObject: {fileID: 0}
  m_PrefabInternal: {fileID: 0}
  m_GameObject: {fileID: 1327796652}
  m_Enabled: 1
  m_Avatar: {fileID: 0}
  m_Controller: {fileID: 9100000, guid: 0130d773da239b94889195326ac6ebd5, type: 2}
  m_CullingMode: 0
  m_UpdateMode: 0
  m_ApplyRootMotion: 0
  m_LinearVelocityBlending: 0
  m_WarningMessage: 
  m_HasTransformHierarchy: 1
  m_AllowConstantClipSamplingOptimization: 1
--- !u!1 &1330697189
GameObject:
  m_ObjectHideFlags: 0
  m_PrefabParentObject: {fileID: 0}
  m_PrefabInternal: {fileID: 0}
  serializedVersion: 5
  m_Component:
  - component: {fileID: 1330697190}
  - component: {fileID: 1330697193}
  - component: {fileID: 1330697192}
  - component: {fileID: 1330697191}
  m_Layer: 0
  m_Name: Cube
  m_TagString: Untagged
  m_Icon: {fileID: 0}
  m_NavMeshLayer: 0
  m_StaticEditorFlags: 0
  m_IsActive: 1
--- !u!4 &1330697190
Transform:
  m_ObjectHideFlags: 0
  m_PrefabParentObject: {fileID: 0}
  m_PrefabInternal: {fileID: 0}
  m_GameObject: {fileID: 1330697189}
  m_LocalRotation: {x: 0, y: 0, z: 0, w: 1}
  m_LocalPosition: {x: -7, y: -1.883, z: -0.688}
  m_LocalScale: {x: 0.9999999, y: 4.92518, z: 2.2362626}
  m_Children: []
  m_Father: {fileID: 352039442}
  m_RootOrder: 0
  m_LocalEulerAnglesHint: {x: 0, y: 0, z: 0}
--- !u!23 &1330697191
MeshRenderer:
  m_ObjectHideFlags: 0
  m_PrefabParentObject: {fileID: 0}
  m_PrefabInternal: {fileID: 0}
  m_GameObject: {fileID: 1330697189}
  m_Enabled: 1
  m_CastShadows: 1
  m_ReceiveShadows: 1
  m_MotionVectors: 1
  m_LightProbeUsage: 1
  m_ReflectionProbeUsage: 1
  m_Materials:
  - {fileID: 2100000, guid: 4e470a46f096b6344b217bcb53dd6be2, type: 2}
  m_StaticBatchInfo:
    firstSubMesh: 0
    subMeshCount: 0
  m_StaticBatchRoot: {fileID: 0}
  m_ProbeAnchor: {fileID: 0}
  m_LightProbeVolumeOverride: {fileID: 0}
  m_ScaleInLightmap: 1
  m_PreserveUVs: 1
  m_IgnoreNormalsForChartDetection: 0
  m_ImportantGI: 0
  m_SelectedEditorRenderState: 3
  m_MinimumChartSize: 4
  m_AutoUVMaxDistance: 0.5
  m_AutoUVMaxAngle: 89
  m_LightmapParameters: {fileID: 0}
  m_SortingLayerID: 0
  m_SortingLayer: 0
  m_SortingOrder: 0
--- !u!65 &1330697192
BoxCollider:
  m_ObjectHideFlags: 0
  m_PrefabParentObject: {fileID: 0}
  m_PrefabInternal: {fileID: 0}
  m_GameObject: {fileID: 1330697189}
  m_Material: {fileID: 0}
  m_IsTrigger: 0
  m_Enabled: 1
  serializedVersion: 2
  m_Size: {x: 1, y: 1, z: 1}
  m_Center: {x: 0, y: 0, z: 0}
--- !u!33 &1330697193
MeshFilter:
  m_ObjectHideFlags: 0
  m_PrefabParentObject: {fileID: 0}
  m_PrefabInternal: {fileID: 0}
  m_GameObject: {fileID: 1330697189}
  m_Mesh: {fileID: 10202, guid: 0000000000000000e000000000000000, type: 0}
--- !u!1 &1487540202
GameObject:
  m_ObjectHideFlags: 0
  m_PrefabParentObject: {fileID: 1392204427434078, guid: 4a8710774218d234584a9719c47c34af,
    type: 2}
  m_PrefabInternal: {fileID: 0}
  serializedVersion: 5
  m_Component:
  - component: {fileID: 1487540206}
  - component: {fileID: 1487540205}
  - component: {fileID: 1487540204}
  - component: {fileID: 1487540203}
  m_Layer: 0
  m_Name: Cube (15)
  m_TagString: Blocker
  m_Icon: {fileID: 0}
  m_NavMeshLayer: 0
  m_StaticEditorFlags: 0
  m_IsActive: 1
--- !u!23 &1487540203
MeshRenderer:
  m_ObjectHideFlags: 0
  m_PrefabParentObject: {fileID: 23882378044254386, guid: 4a8710774218d234584a9719c47c34af,
    type: 2}
  m_PrefabInternal: {fileID: 0}
  m_GameObject: {fileID: 1487540202}
  m_Enabled: 1
  m_CastShadows: 1
  m_ReceiveShadows: 1
  m_MotionVectors: 1
  m_LightProbeUsage: 1
  m_ReflectionProbeUsage: 1
  m_Materials:
  - {fileID: 2100000, guid: b483d63cd2278b14d881f991a68cd351, type: 2}
  m_StaticBatchInfo:
    firstSubMesh: 0
    subMeshCount: 0
  m_StaticBatchRoot: {fileID: 0}
  m_ProbeAnchor: {fileID: 0}
  m_LightProbeVolumeOverride: {fileID: 0}
  m_ScaleInLightmap: 1
  m_PreserveUVs: 1
  m_IgnoreNormalsForChartDetection: 0
  m_ImportantGI: 0
  m_SelectedEditorRenderState: 3
  m_MinimumChartSize: 4
  m_AutoUVMaxDistance: 0.5
  m_AutoUVMaxAngle: 89
  m_LightmapParameters: {fileID: 0}
  m_SortingLayerID: 0
  m_SortingLayer: 0
  m_SortingOrder: 0
--- !u!65 &1487540204
BoxCollider:
  m_ObjectHideFlags: 0
  m_PrefabParentObject: {fileID: 65756903844438350, guid: 4a8710774218d234584a9719c47c34af,
    type: 2}
  m_PrefabInternal: {fileID: 0}
  m_GameObject: {fileID: 1487540202}
  m_Material: {fileID: 0}
  m_IsTrigger: 1
  m_Enabled: 1
  serializedVersion: 2
  m_Size: {x: 1, y: 21.761244, z: 1}
  m_Center: {x: 0, y: -10.380613, z: 0}
--- !u!33 &1487540205
MeshFilter:
  m_ObjectHideFlags: 0
  m_PrefabParentObject: {fileID: 33530298261857238, guid: 4a8710774218d234584a9719c47c34af,
    type: 2}
  m_PrefabInternal: {fileID: 0}
  m_GameObject: {fileID: 1487540202}
  m_Mesh: {fileID: 10202, guid: 0000000000000000e000000000000000, type: 0}
--- !u!4 &1487540206
Transform:
  m_ObjectHideFlags: 0
  m_PrefabParentObject: {fileID: 4148665379704454, guid: 4a8710774218d234584a9719c47c34af,
    type: 2}
  m_PrefabInternal: {fileID: 0}
  m_GameObject: {fileID: 1487540202}
  m_LocalRotation: {x: 0, y: 0, z: 0, w: 1}
  m_LocalPosition: {x: -319.06, y: -4.2, z: -13.78}
  m_LocalScale: {x: 3.2050505, y: 19.127207, z: 6.0933022}
  m_Children:
  - {fileID: 1198751215}
  m_Father: {fileID: 0}
  m_RootOrder: 19
  m_LocalEulerAnglesHint: {x: 0, y: 0, z: 0}
--- !u!1 &1590809909
GameObject:
  m_ObjectHideFlags: 0
  m_PrefabParentObject: {fileID: 1392204427434078, guid: 4a8710774218d234584a9719c47c34af,
    type: 2}
  m_PrefabInternal: {fileID: 0}
  serializedVersion: 5
  m_Component:
  - component: {fileID: 1590809913}
  - component: {fileID: 1590809912}
  - component: {fileID: 1590809911}
  - component: {fileID: 1590809910}
  m_Layer: 0
  m_Name: Cube (6)
  m_TagString: Blocker
  m_Icon: {fileID: 0}
  m_NavMeshLayer: 0
  m_StaticEditorFlags: 0
  m_IsActive: 1
--- !u!23 &1590809910
MeshRenderer:
  m_ObjectHideFlags: 0
  m_PrefabParentObject: {fileID: 23882378044254386, guid: 4a8710774218d234584a9719c47c34af,
    type: 2}
  m_PrefabInternal: {fileID: 0}
  m_GameObject: {fileID: 1590809909}
  m_Enabled: 1
  m_CastShadows: 1
  m_ReceiveShadows: 1
  m_MotionVectors: 1
  m_LightProbeUsage: 1
  m_ReflectionProbeUsage: 1
  m_Materials:
  - {fileID: 2100000, guid: b483d63cd2278b14d881f991a68cd351, type: 2}
  m_StaticBatchInfo:
    firstSubMesh: 0
    subMeshCount: 0
  m_StaticBatchRoot: {fileID: 0}
  m_ProbeAnchor: {fileID: 0}
  m_LightProbeVolumeOverride: {fileID: 0}
  m_ScaleInLightmap: 1
  m_PreserveUVs: 1
  m_IgnoreNormalsForChartDetection: 0
  m_ImportantGI: 0
  m_SelectedEditorRenderState: 3
  m_MinimumChartSize: 4
  m_AutoUVMaxDistance: 0.5
  m_AutoUVMaxAngle: 89
  m_LightmapParameters: {fileID: 0}
  m_SortingLayerID: 0
  m_SortingLayer: 0
  m_SortingOrder: 0
--- !u!65 &1590809911
BoxCollider:
  m_ObjectHideFlags: 0
  m_PrefabParentObject: {fileID: 65756903844438350, guid: 4a8710774218d234584a9719c47c34af,
    type: 2}
  m_PrefabInternal: {fileID: 0}
  m_GameObject: {fileID: 1590809909}
  m_Material: {fileID: 0}
  m_IsTrigger: 1
  m_Enabled: 1
  serializedVersion: 2
  m_Size: {x: 1, y: 21.761244, z: 1}
  m_Center: {x: 0, y: -10.380613, z: 0}
--- !u!33 &1590809912
MeshFilter:
  m_ObjectHideFlags: 0
  m_PrefabParentObject: {fileID: 33530298261857238, guid: 4a8710774218d234584a9719c47c34af,
    type: 2}
  m_PrefabInternal: {fileID: 0}
  m_GameObject: {fileID: 1590809909}
  m_Mesh: {fileID: 10202, guid: 0000000000000000e000000000000000, type: 0}
--- !u!4 &1590809913
Transform:
  m_ObjectHideFlags: 0
  m_PrefabParentObject: {fileID: 4148665379704454, guid: 4a8710774218d234584a9719c47c34af,
    type: 2}
  m_PrefabInternal: {fileID: 0}
  m_GameObject: {fileID: 1590809909}
  m_LocalRotation: {x: 0, y: 0, z: 0, w: 1}
  m_LocalPosition: {x: -240.2, y: -4.2, z: -17.4}
  m_LocalScale: {x: 3.2050505, y: 19.127207, z: 6.0933022}
  m_Children:
  - {fileID: 714366749}
  m_Father: {fileID: 0}
  m_RootOrder: 12
  m_LocalEulerAnglesHint: {x: 0, y: 0, z: 0}
--- !u!1001 &1608846147
Prefab:
  m_ObjectHideFlags: 0
  serializedVersion: 2
  m_Modification:
    m_TransformParent: {fileID: 0}
    m_Modifications:
    - target: {fileID: 4658605810009892, guid: 6840d3330236a594989098906075e093, type: 2}
      propertyPath: m_LocalPosition.x
      value: -275.7
      objectReference: {fileID: 0}
    - target: {fileID: 4658605810009892, guid: 6840d3330236a594989098906075e093, type: 2}
      propertyPath: m_LocalPosition.y
      value: -4.2
      objectReference: {fileID: 0}
    - target: {fileID: 4658605810009892, guid: 6840d3330236a594989098906075e093, type: 2}
      propertyPath: m_LocalPosition.z
      value: -5.04
      objectReference: {fileID: 0}
    - target: {fileID: 4658605810009892, guid: 6840d3330236a594989098906075e093, type: 2}
      propertyPath: m_LocalRotation.x
      value: 0
      objectReference: {fileID: 0}
    - target: {fileID: 4658605810009892, guid: 6840d3330236a594989098906075e093, type: 2}
      propertyPath: m_LocalRotation.y
      value: 0
      objectReference: {fileID: 0}
    - target: {fileID: 4658605810009892, guid: 6840d3330236a594989098906075e093, type: 2}
      propertyPath: m_LocalRotation.z
      value: 0
      objectReference: {fileID: 0}
    - target: {fileID: 4658605810009892, guid: 6840d3330236a594989098906075e093, type: 2}
      propertyPath: m_LocalRotation.w
      value: 1
      objectReference: {fileID: 0}
    - target: {fileID: 4658605810009892, guid: 6840d3330236a594989098906075e093, type: 2}
      propertyPath: m_RootOrder
      value: 4
      objectReference: {fileID: 0}
    - target: {fileID: 1155736572654088, guid: 6840d3330236a594989098906075e093, type: 2}
      propertyPath: m_Name
      value: Cube (10)
      objectReference: {fileID: 0}
    - target: {fileID: 23593190605739074, guid: 6840d3330236a594989098906075e093,
        type: 2}
      propertyPath: m_Materials.Array.data[0]
      value: 
      objectReference: {fileID: 2100000, guid: 4e470a46f096b6344b217bcb53dd6be2, type: 2}
    m_RemovedComponents: []
  m_ParentPrefab: {fileID: 100100000, guid: 6840d3330236a594989098906075e093, type: 2}
  m_IsPrefabParent: 0
--- !u!1 &1659348196
GameObject:
  m_ObjectHideFlags: 0
  m_PrefabParentObject: {fileID: 1110779646648398, guid: 4a8710774218d234584a9719c47c34af,
    type: 2}
  m_PrefabInternal: {fileID: 0}
  serializedVersion: 5
  m_Component:
  - component: {fileID: 1659348197}
  - component: {fileID: 1659348200}
  - component: {fileID: 1659348199}
  - component: {fileID: 1659348198}
  m_Layer: 0
  m_Name: Cube
  m_TagString: Untagged
  m_Icon: {fileID: 0}
  m_NavMeshLayer: 0
  m_StaticEditorFlags: 0
  m_IsActive: 1
--- !u!4 &1659348197
Transform:
  m_ObjectHideFlags: 0
  m_PrefabParentObject: {fileID: 4039984893397286, guid: 4a8710774218d234584a9719c47c34af,
    type: 2}
  m_PrefabInternal: {fileID: 0}
  m_GameObject: {fileID: 1659348196}
  m_LocalRotation: {x: 0, y: 0, z: 0, w: 1}
  m_LocalPosition: {x: 0, y: 0.3893, z: 0}
  m_LocalScale: {x: 1.0872904, y: 0.22147156, z: 1.0266241}
  m_Children: []
  m_Father: {fileID: 1245629276}
  m_RootOrder: 0
  m_LocalEulerAnglesHint: {x: 0, y: 0, z: 0}
--- !u!23 &1659348198
MeshRenderer:
  m_ObjectHideFlags: 0
  m_PrefabParentObject: {fileID: 23431746978647766, guid: 4a8710774218d234584a9719c47c34af,
    type: 2}
  m_PrefabInternal: {fileID: 0}
  m_GameObject: {fileID: 1659348196}
  m_Enabled: 1
  m_CastShadows: 1
  m_ReceiveShadows: 1
  m_MotionVectors: 1
  m_LightProbeUsage: 1
  m_ReflectionProbeUsage: 1
  m_Materials:
  - {fileID: 2100000, guid: 4e470a46f096b6344b217bcb53dd6be2, type: 2}
  m_StaticBatchInfo:
    firstSubMesh: 0
    subMeshCount: 0
  m_StaticBatchRoot: {fileID: 0}
  m_ProbeAnchor: {fileID: 0}
  m_LightProbeVolumeOverride: {fileID: 0}
  m_ScaleInLightmap: 1
  m_PreserveUVs: 1
  m_IgnoreNormalsForChartDetection: 0
  m_ImportantGI: 0
  m_SelectedEditorRenderState: 3
  m_MinimumChartSize: 4
  m_AutoUVMaxDistance: 0.5
  m_AutoUVMaxAngle: 89
  m_LightmapParameters: {fileID: 0}
  m_SortingLayerID: 0
  m_SortingLayer: 0
  m_SortingOrder: 0
--- !u!65 &1659348199
BoxCollider:
  m_ObjectHideFlags: 0
  m_PrefabParentObject: {fileID: 65673434442020350, guid: 4a8710774218d234584a9719c47c34af,
    type: 2}
  m_PrefabInternal: {fileID: 0}
  m_GameObject: {fileID: 1659348196}
  m_Material: {fileID: 0}
  m_IsTrigger: 0
  m_Enabled: 1
  serializedVersion: 2
  m_Size: {x: 1, y: 1, z: 1}
  m_Center: {x: 0, y: 0, z: 0}
--- !u!33 &1659348200
MeshFilter:
  m_ObjectHideFlags: 0
  m_PrefabParentObject: {fileID: 33459863459580446, guid: 4a8710774218d234584a9719c47c34af,
    type: 2}
  m_PrefabInternal: {fileID: 0}
  m_GameObject: {fileID: 1659348196}
  m_Mesh: {fileID: 10202, guid: 0000000000000000e000000000000000, type: 0}
--- !u!1 &1690467541
GameObject:
  m_ObjectHideFlags: 0
  m_PrefabParentObject: {fileID: 1392204427434078, guid: 4a8710774218d234584a9719c47c34af,
    type: 2}
  m_PrefabInternal: {fileID: 0}
  serializedVersion: 5
  m_Component:
  - component: {fileID: 1690467545}
  - component: {fileID: 1690467544}
  - component: {fileID: 1690467543}
  - component: {fileID: 1690467542}
  m_Layer: 0
  m_Name: Cube (7)
  m_TagString: Blocker
  m_Icon: {fileID: 0}
  m_NavMeshLayer: 0
  m_StaticEditorFlags: 0
  m_IsActive: 1
--- !u!23 &1690467542
MeshRenderer:
  m_ObjectHideFlags: 0
  m_PrefabParentObject: {fileID: 23882378044254386, guid: 4a8710774218d234584a9719c47c34af,
    type: 2}
  m_PrefabInternal: {fileID: 0}
  m_GameObject: {fileID: 1690467541}
  m_Enabled: 1
  m_CastShadows: 1
  m_ReceiveShadows: 1
  m_MotionVectors: 1
  m_LightProbeUsage: 1
  m_ReflectionProbeUsage: 1
  m_Materials:
  - {fileID: 2100000, guid: b483d63cd2278b14d881f991a68cd351, type: 2}
  m_StaticBatchInfo:
    firstSubMesh: 0
    subMeshCount: 0
  m_StaticBatchRoot: {fileID: 0}
  m_ProbeAnchor: {fileID: 0}
  m_LightProbeVolumeOverride: {fileID: 0}
  m_ScaleInLightmap: 1
  m_PreserveUVs: 1
  m_IgnoreNormalsForChartDetection: 0
  m_ImportantGI: 0
  m_SelectedEditorRenderState: 3
  m_MinimumChartSize: 4
  m_AutoUVMaxDistance: 0.5
  m_AutoUVMaxAngle: 89
  m_LightmapParameters: {fileID: 0}
  m_SortingLayerID: 0
  m_SortingLayer: 0
  m_SortingOrder: 0
--- !u!65 &1690467543
BoxCollider:
  m_ObjectHideFlags: 0
  m_PrefabParentObject: {fileID: 65756903844438350, guid: 4a8710774218d234584a9719c47c34af,
    type: 2}
  m_PrefabInternal: {fileID: 0}
  m_GameObject: {fileID: 1690467541}
  m_Material: {fileID: 0}
  m_IsTrigger: 1
  m_Enabled: 1
  serializedVersion: 2
  m_Size: {x: 1, y: 21.761244, z: 1}
  m_Center: {x: 0, y: -10.380613, z: 0}
--- !u!33 &1690467544
MeshFilter:
  m_ObjectHideFlags: 0
  m_PrefabParentObject: {fileID: 33530298261857238, guid: 4a8710774218d234584a9719c47c34af,
    type: 2}
  m_PrefabInternal: {fileID: 0}
  m_GameObject: {fileID: 1690467541}
  m_Mesh: {fileID: 10202, guid: 0000000000000000e000000000000000, type: 0}
--- !u!4 &1690467545
Transform:
  m_ObjectHideFlags: 0
  m_PrefabParentObject: {fileID: 4148665379704454, guid: 4a8710774218d234584a9719c47c34af,
    type: 2}
  m_PrefabInternal: {fileID: 0}
  m_GameObject: {fileID: 1690467541}
  m_LocalRotation: {x: 0, y: 0, z: 0, w: 1}
  m_LocalPosition: {x: -259.3, y: -4.2, z: -12.599999}
  m_LocalScale: {x: 3.2050505, y: 19.127207, z: 6.0933022}
  m_Children:
  - {fileID: 680380423}
  m_Father: {fileID: 0}
  m_RootOrder: 13
  m_LocalEulerAnglesHint: {x: 0, y: 0, z: 0}
--- !u!1001 &1731684515
Prefab:
  m_ObjectHideFlags: 0
  serializedVersion: 2
  m_Modification:
    m_TransformParent: {fileID: 0}
    m_Modifications:
    - target: {fileID: 4658605810009892, guid: 6840d3330236a594989098906075e093, type: 2}
      propertyPath: m_LocalPosition.x
      value: -203.8
      objectReference: {fileID: 0}
    - target: {fileID: 4658605810009892, guid: 6840d3330236a594989098906075e093, type: 2}
      propertyPath: m_LocalPosition.y
      value: -4.186
      objectReference: {fileID: 0}
    - target: {fileID: 4658605810009892, guid: 6840d3330236a594989098906075e093, type: 2}
      propertyPath: m_LocalPosition.z
      value: -21.3
      objectReference: {fileID: 0}
    - target: {fileID: 4658605810009892, guid: 6840d3330236a594989098906075e093, type: 2}
      propertyPath: m_LocalRotation.x
      value: 0
      objectReference: {fileID: 0}
    - target: {fileID: 4658605810009892, guid: 6840d3330236a594989098906075e093, type: 2}
      propertyPath: m_LocalRotation.y
      value: 0
      objectReference: {fileID: 0}
    - target: {fileID: 4658605810009892, guid: 6840d3330236a594989098906075e093, type: 2}
      propertyPath: m_LocalRotation.z
      value: 0
      objectReference: {fileID: 0}
    - target: {fileID: 4658605810009892, guid: 6840d3330236a594989098906075e093, type: 2}
      propertyPath: m_LocalRotation.w
      value: 1
      objectReference: {fileID: 0}
    - target: {fileID: 4658605810009892, guid: 6840d3330236a594989098906075e093, type: 2}
      propertyPath: m_RootOrder
      value: 5
      objectReference: {fileID: 0}
    - target: {fileID: 1155736572654088, guid: 6840d3330236a594989098906075e093, type: 2}
      propertyPath: m_Name
      value: Cube (9)
      objectReference: {fileID: 0}
    - target: {fileID: 23593190605739074, guid: 6840d3330236a594989098906075e093,
        type: 2}
      propertyPath: m_Materials.Array.data[0]
      value: 
      objectReference: {fileID: 2100000, guid: 4e470a46f096b6344b217bcb53dd6be2, type: 2}
    m_RemovedComponents: []
  m_ParentPrefab: {fileID: 100100000, guid: 6840d3330236a594989098906075e093, type: 2}
  m_IsPrefabParent: 0
--- !u!1001 &1766021718
Prefab:
  m_ObjectHideFlags: 0
  serializedVersion: 2
  m_Modification:
    m_TransformParent: {fileID: 0}
    m_Modifications:
    - target: {fileID: 224366460989929678, guid: 9f64536224ebb7d48baad0d1189488f7,
        type: 2}
      propertyPath: m_LocalPosition.x
      value: 0
      objectReference: {fileID: 0}
    - target: {fileID: 224366460989929678, guid: 9f64536224ebb7d48baad0d1189488f7,
        type: 2}
      propertyPath: m_LocalPosition.y
      value: 0
      objectReference: {fileID: 0}
    - target: {fileID: 224366460989929678, guid: 9f64536224ebb7d48baad0d1189488f7,
        type: 2}
      propertyPath: m_LocalPosition.z
      value: 0
      objectReference: {fileID: 0}
    - target: {fileID: 224366460989929678, guid: 9f64536224ebb7d48baad0d1189488f7,
        type: 2}
      propertyPath: m_LocalRotation.x
      value: 0
      objectReference: {fileID: 0}
    - target: {fileID: 224366460989929678, guid: 9f64536224ebb7d48baad0d1189488f7,
        type: 2}
      propertyPath: m_LocalRotation.y
      value: 0
      objectReference: {fileID: 0}
    - target: {fileID: 224366460989929678, guid: 9f64536224ebb7d48baad0d1189488f7,
        type: 2}
      propertyPath: m_LocalRotation.z
      value: 0
      objectReference: {fileID: 0}
    - target: {fileID: 224366460989929678, guid: 9f64536224ebb7d48baad0d1189488f7,
        type: 2}
      propertyPath: m_LocalRotation.w
      value: 1
      objectReference: {fileID: 0}
    - target: {fileID: 224366460989929678, guid: 9f64536224ebb7d48baad0d1189488f7,
        type: 2}
      propertyPath: m_RootOrder
      value: 1
      objectReference: {fileID: 0}
    - target: {fileID: 224366460989929678, guid: 9f64536224ebb7d48baad0d1189488f7,
        type: 2}
      propertyPath: m_AnchoredPosition.x
      value: 0
      objectReference: {fileID: 0}
    - target: {fileID: 224366460989929678, guid: 9f64536224ebb7d48baad0d1189488f7,
        type: 2}
      propertyPath: m_AnchoredPosition.y
      value: 0
      objectReference: {fileID: 0}
    - target: {fileID: 224366460989929678, guid: 9f64536224ebb7d48baad0d1189488f7,
        type: 2}
      propertyPath: m_SizeDelta.x
      value: 0
      objectReference: {fileID: 0}
    - target: {fileID: 224366460989929678, guid: 9f64536224ebb7d48baad0d1189488f7,
        type: 2}
      propertyPath: m_SizeDelta.y
      value: 0
      objectReference: {fileID: 0}
    - target: {fileID: 224366460989929678, guid: 9f64536224ebb7d48baad0d1189488f7,
        type: 2}
      propertyPath: m_AnchorMin.x
      value: 0
      objectReference: {fileID: 0}
    - target: {fileID: 224366460989929678, guid: 9f64536224ebb7d48baad0d1189488f7,
        type: 2}
      propertyPath: m_AnchorMin.y
      value: 0
      objectReference: {fileID: 0}
    - target: {fileID: 224366460989929678, guid: 9f64536224ebb7d48baad0d1189488f7,
        type: 2}
      propertyPath: m_AnchorMax.x
      value: 0
      objectReference: {fileID: 0}
    - target: {fileID: 224366460989929678, guid: 9f64536224ebb7d48baad0d1189488f7,
        type: 2}
      propertyPath: m_AnchorMax.y
      value: 0
      objectReference: {fileID: 0}
    - target: {fileID: 224366460989929678, guid: 9f64536224ebb7d48baad0d1189488f7,
        type: 2}
      propertyPath: m_Pivot.x
      value: 0
      objectReference: {fileID: 0}
    - target: {fileID: 224366460989929678, guid: 9f64536224ebb7d48baad0d1189488f7,
        type: 2}
      propertyPath: m_Pivot.y
      value: 0
      objectReference: {fileID: 0}
    m_RemovedComponents: []
  m_ParentPrefab: {fileID: 100100000, guid: 9f64536224ebb7d48baad0d1189488f7, type: 2}
  m_IsPrefabParent: 0
--- !u!1 &1969213687 stripped
GameObject:
  m_PrefabParentObject: {fileID: 1155736572654088, guid: 6840d3330236a594989098906075e093,
    type: 2}
  m_PrefabInternal: {fileID: 1039585779}
--- !u!95 &1969213688
Animator:
  serializedVersion: 3
  m_ObjectHideFlags: 0
  m_PrefabParentObject: {fileID: 0}
  m_PrefabInternal: {fileID: 0}
  m_GameObject: {fileID: 1969213687}
  m_Enabled: 1
  m_Avatar: {fileID: 0}
  m_Controller: {fileID: 9100000, guid: 4cb058db6f342e24b9dff49dd19b9189, type: 2}
  m_CullingMode: 0
  m_UpdateMode: 0
  m_ApplyRootMotion: 0
  m_LinearVelocityBlending: 0
  m_WarningMessage: 
  m_HasTransformHierarchy: 1
  m_AllowConstantClipSamplingOptimization: 1
--- !u!1 &2043385094 stripped
GameObject:
  m_PrefabParentObject: {fileID: 1155736572654088, guid: 6840d3330236a594989098906075e093,
    type: 2}
  m_PrefabInternal: {fileID: 1608846147}
--- !u!95 &2043385095
Animator:
  serializedVersion: 3
  m_ObjectHideFlags: 0
  m_PrefabParentObject: {fileID: 0}
  m_PrefabInternal: {fileID: 0}
  m_GameObject: {fileID: 2043385094}
  m_Enabled: 1
  m_Avatar: {fileID: 0}
  m_Controller: {fileID: 9100000, guid: e3507e2505926f142aaa0815aac56ded, type: 2}
  m_CullingMode: 0
  m_UpdateMode: 0
  m_ApplyRootMotion: 0
  m_LinearVelocityBlending: 0
  m_WarningMessage: 
  m_HasTransformHierarchy: 1
  m_AllowConstantClipSamplingOptimization: 1
--- !u!1 &2093997186
GameObject:
  m_ObjectHideFlags: 0
  m_PrefabParentObject: {fileID: 0}
  m_PrefabInternal: {fileID: 0}
  serializedVersion: 5
  m_Component:
  - component: {fileID: 2093997190}
  - component: {fileID: 2093997189}
  - component: {fileID: 2093997188}
  - component: {fileID: 2093997187}
  m_Layer: 0
  m_Name: Cube (3)
  m_TagString: Untagged
  m_Icon: {fileID: 0}
  m_NavMeshLayer: 0
  m_StaticEditorFlags: 0
  m_IsActive: 1
--- !u!23 &2093997187
MeshRenderer:
  m_ObjectHideFlags: 0
  m_PrefabParentObject: {fileID: 0}
  m_PrefabInternal: {fileID: 0}
  m_GameObject: {fileID: 2093997186}
  m_Enabled: 1
  m_CastShadows: 1
  m_ReceiveShadows: 1
  m_MotionVectors: 1
  m_LightProbeUsage: 1
  m_ReflectionProbeUsage: 1
  m_Materials:
  - {fileID: 2100000, guid: 4e470a46f096b6344b217bcb53dd6be2, type: 2}
  m_StaticBatchInfo:
    firstSubMesh: 0
    subMeshCount: 0
  m_StaticBatchRoot: {fileID: 0}
  m_ProbeAnchor: {fileID: 0}
  m_LightProbeVolumeOverride: {fileID: 0}
  m_ScaleInLightmap: 1
  m_PreserveUVs: 1
  m_IgnoreNormalsForChartDetection: 0
  m_ImportantGI: 0
  m_SelectedEditorRenderState: 3
  m_MinimumChartSize: 4
  m_AutoUVMaxDistance: 0.5
  m_AutoUVMaxAngle: 89
  m_LightmapParameters: {fileID: 0}
  m_SortingLayerID: 0
  m_SortingLayer: 0
  m_SortingOrder: 0
--- !u!65 &2093997188
BoxCollider:
  m_ObjectHideFlags: 0
  m_PrefabParentObject: {fileID: 0}
  m_PrefabInternal: {fileID: 0}
  m_GameObject: {fileID: 2093997186}
  m_Material: {fileID: 0}
  m_IsTrigger: 0
  m_Enabled: 1
  serializedVersion: 2
  m_Size: {x: 1, y: 1, z: 1}
  m_Center: {x: 0, y: 0, z: 0}
--- !u!33 &2093997189
MeshFilter:
  m_ObjectHideFlags: 0
  m_PrefabParentObject: {fileID: 0}
  m_PrefabInternal: {fileID: 0}
  m_GameObject: {fileID: 2093997186}
  m_Mesh: {fileID: 10202, guid: 0000000000000000e000000000000000, type: 0}
--- !u!4 &2093997190
Transform:
  m_ObjectHideFlags: 0
  m_PrefabParentObject: {fileID: 0}
  m_PrefabInternal: {fileID: 0}
  m_GameObject: {fileID: 2093997186}
  m_LocalRotation: {x: 0.5, y: 0.5, z: -0.5, w: 0.5}
  m_LocalPosition: {x: -176.8, y: -6.476, z: -19.8}
  m_LocalScale: {x: 19.457947, y: 0.99999833, z: 21.492352}
  m_Children: []
  m_Father: {fileID: 0}
  m_RootOrder: 10
  m_LocalEulerAnglesHint: {x: 90, y: 90, z: 0}
